{"symbol": "KMI", "annualReports": [{"fiscalDateEnding": "2024-12-31", "reportedCurrency": "USD", "grossProfit": "8409000000", "totalRevenue": "15100000000", "costOfRevenue": "6691000000", "costofGoodsAndServicesSold": "6691000000", "operatingIncome": "4384000000", "sellingGeneralAndAdministrative": "712000000", "researchAndDevelopment": "None", "operatingExpenses": "4025000000", "investmentIncomeNet": "None", "netInterestIncome": "-1844000000", "interestIncome": "None", "interestExpense": "None", "nonInterestIncome": "None", "otherNonOperatingIncome": "None", "depreciation": "None", "depreciationAndAmortization": "2354000000", "incomeBeforeTax": "3407000000", "incomeTaxExpense": "687000000", "interestAndDebtExpense": "None", "netIncomeFromContinuingOperations": "2720000000", "comprehensiveIncomeNetOfTax": "None", "ebit": "4384000000", "ebitda": "6738000000", "netIncome": "2613000000"}, {"fiscalDateEnding": "2023-12-31", "reportedCurrency": "USD", "grossProfit": "8146000000", "totalRevenue": "15334000000", "costOfRevenue": "7188000000", "costofGoodsAndServicesSold": "7188000000", "operatingIncome": "4263000000", "sellingGeneralAndAdministrative": "668000000", "researchAndDevelopment": "None", "operatingExpenses": "3896000000", "investmentIncomeNet": "None", "netInterestIncome": "-1797000000", "interestIncome": "7000000", "interestExpense": "1804000000", "nonInterestIncome": "None", "otherNonOperatingIncome": "None", "depreciation": "None", "depreciationAndAmortization": "2250000000", "incomeBeforeTax": "3201000000", "incomeTaxExpense": "715000000", "interestAndDebtExpense": "None", "netIncomeFromContinuingOperations": "2486000000", "comprehensiveIncomeNetOfTax": "None", "ebit": "4263000000", "ebitda": "6513000000", "netIncome": "2486000000"}, {"fiscalDateEnding": "2022-12-31", "reportedCurrency": "USD", "grossProfit": "7759000000", "totalRevenue": "19200000000", "costOfRevenue": "11441000000", "costofGoodsAndServicesSold": "11441000000", "operatingIncome": "1815000000", "sellingGeneralAndAdministrative": "637000000", "researchAndDevelopment": "None", "operatingExpenses": "3726000000", "investmentIncomeNet": "None", "netInterestIncome": "-1513000000", "interestIncome": "5000000", "interestExpense": "1508000000", "nonInterestIncome": "None", "otherNonOperatingIncome": "783000000", "depreciation": "None", "depreciationAndAmortization": "2186000000", "incomeBeforeTax": "3335000000", "incomeTaxExpense": "710000000", "interestAndDebtExpense": "None", "netIncomeFromContinuingOperations": "2625000000", "comprehensiveIncomeNetOfTax": "None", "ebit": "1815000000", "ebitda": "4001000000", "netIncome": "2625000000"}, {"fiscalDateEnding": "2021-12-31", "reportedCurrency": "USD", "grossProfit": "7982000000", "totalRevenue": "16610000000", "costOfRevenue": "8628000000", "costofGoodsAndServicesSold": "8628000000", "operatingIncome": "4029000000", "sellingGeneralAndAdministrative": "655000000", "researchAndDevelopment": "None", "operatingExpenses": "3442000000", "investmentIncomeNet": "None", "netInterestIncome": "-1492000000", "interestIncome": "4000000", "interestExpense": "1496000000", "nonInterestIncome": "None", "otherNonOperatingIncome": "795000000", "depreciation": "None", "depreciationAndAmortization": "2135000000", "incomeBeforeTax": "2219000000", "incomeTaxExpense": "369000000", "interestAndDebtExpense": "None", "netIncomeFromContinuingOperations": "1850000000", "comprehensiveIncomeNetOfTax": "None", "ebit": "4029000000", "ebitda": "6164000000", "netIncome": "1850000000"}, {"fiscalDateEnding": "2020-12-31", "reportedCurrency": "USD", "grossProfit": "6991000000", "totalRevenue": "11700000000", "costOfRevenue": "4709000000", "costofGoodsAndServicesSold": "4709000000", "operatingIncome": "3260000000", "sellingGeneralAndAdministrative": "648000000", "researchAndDevelopment": "None", "operatingExpenses": "3499000000", "investmentIncomeNet": "None", "netInterestIncome": "-1595000000", "interestIncome": "8000000", "interestExpense": "1587000000", "nonInterestIncome": "None", "otherNonOperatingIncome": "696000000", "depreciation": "None", "depreciationAndAmortization": "2164000000", "incomeBeforeTax": "661000000", "incomeTaxExpense": "481000000", "interestAndDebtExpense": "None", "netIncomeFromContinuingOperations": "180000000", "comprehensiveIncomeNetOfTax": "None", "ebit": "3260000000", "ebitda": "5424000000", "netIncome": "180000000"}, {"fiscalDateEnding": "2019-12-31", "reportedCurrency": "USD", "grossProfit": "7535000000", "totalRevenue": "13209000000", "costOfRevenue": "5674000000", "costofGoodsAndServicesSold": "5674000000", "operatingIncome": "1613000000", "sellingGeneralAndAdministrative": "590000000", "researchAndDevelopment": "None", "operatingExpenses": "3604000000", "investmentIncomeNet": "None", "netInterestIncome": "-1801000000", "interestIncome": "3000000", "interestExpense": "1788000000", "nonInterestIncome": "None", "otherNonOperatingIncome": "-849000000", "depreciation": "None", "depreciationAndAmortization": "2411000000", "incomeBeforeTax": "3165000000", "incomeTaxExpense": "926000000", "interestAndDebtExpense": "None", "netIncomeFromContinuingOperations": "4091000000", "comprehensiveIncomeNetOfTax": "None", "ebit": "1613000000", "ebitda": "4024000000", "netIncome": "2190000000"}, {"fiscalDateEnding": "2018-12-31", "reportedCurrency": "USD", "grossProfit": "7426000000", "totalRevenue": "14144000000", "costOfRevenue": "6718000000", "costofGoodsAndServicesSold": "6718000000", "operatingIncome": "3794000000", "sellingGeneralAndAdministrative": "601000000", "researchAndDevelopment": "None", "operatingExpenses": "3465000000", "investmentIncomeNet": "None", "netInterestIncome": "-1917000000", "interestIncome": "1030000000", "interestExpense": "1917000000", "nonInterestIncome": "None", "otherNonOperatingIncome": "629000000", "depreciation": "None", "depreciationAndAmortization": "2297000000", "incomeBeforeTax": "2506000000", "incomeTaxExpense": "587000000", "interestAndDebtExpense": "None", "netIncomeFromContinuingOperations": "3093000000", "comprehensiveIncomeNetOfTax": "None", "ebit": "3794000000", "ebitda": "6091000000", "netIncome": "1609000000"}, {"fiscalDateEnding": "2017-12-31", "reportedCurrency": "USD", "grossProfit": "7099000000", "totalRevenue": "13705000000", "costOfRevenue": "6606000000", "costofGoodsAndServicesSold": "6606000000", "operatingIncome": "3544000000", "sellingGeneralAndAdministrative": "673000000", "researchAndDevelopment": "None", "operatingExpenses": "3542000000", "investmentIncomeNet": "None", "netInterestIncome": "-1832000000", "interestIncome": "1254000000", "interestExpense": "1832000000", "nonInterestIncome": "None", "otherNonOperatingIncome": "449000000", "depreciation": "None", "depreciationAndAmortization": "2261000000", "incomeBeforeTax": "2161000000", "incomeTaxExpense": "1938000000", "interestAndDebtExpense": "None", "netIncomeFromContinuingOperations": "4099000000", "comprehensiveIncomeNetOfTax": "None", "ebit": "3544000000", "ebitda": "5805000000", "netIncome": "183000000"}, {"fiscalDateEnding": "2016-12-31", "reportedCurrency": "USD", "grossProfit": "7351000000", "totalRevenue": "13058000000", "costOfRevenue": "5707000000", "costofGoodsAndServicesSold": "5707000000", "operatingIncome": "3572000000", "sellingGeneralAndAdministrative": "669000000", "researchAndDevelopment": "None", "operatingExpenses": "3392000000", "investmentIncomeNet": "None", "netInterestIncome": "-1806000000", "interestIncome": "1309000000", "interestExpense": "1806000000", "nonInterestIncome": "None", "otherNonOperatingIncome": "-128000000", "depreciation": "None", "depreciationAndAmortization": "2209000000", "incomeBeforeTax": "1638000000", "incomeTaxExpense": "917000000", "interestAndDebtExpense": "None", "netIncomeFromContinuingOperations": "2555000000", "comprehensiveIncomeNetOfTax": "None", "ebit": "3572000000", "ebitda": "5781000000", "netIncome": "708000000"}, {"fiscalDateEnding": "2015-12-31", "reportedCurrency": "USD", "grossProfit": "7979000000", "totalRevenue": "14403000000", "costOfRevenue": "6424000000", "costofGoodsAndServicesSold": "6424000000", "operatingIncome": "2622000000", "sellingGeneralAndAdministrative": "690000000", "researchAndDevelopment": "None", "operatingExpenses": "3463000000", "investmentIncomeNet": "None", "netInterestIncome": "None", "interestIncome": "1637000000", "interestExpense": "2051000000", "nonInterestIncome": "None", "otherNonOperatingIncome": "376000000", "depreciation": "None", "depreciationAndAmortization": "2309000000", "incomeBeforeTax": "947000000", "incomeTaxExpense": "612000000", "interestAndDebtExpense": "None", "netIncomeFromContinuingOperations": "208000000", "comprehensiveIncomeNetOfTax": "None", "ebit": "2622000000", "ebitda": "4931000000", "netIncome": "337000000"}, {"fiscalDateEnding": "2014-12-31", "reportedCurrency": "USD", "grossProfit": "14186000000", "totalRevenue": "16226000000", "costOfRevenue": "2040000000", "costofGoodsAndServicesSold": "2040000000", "operatingIncome": "4448000000", "sellingGeneralAndAdministrative": "610000000", "researchAndDevelopment": "None", "operatingExpenses": "9466000000", "investmentIncomeNet": "None", "netInterestIncome": "None", "interestIncome": "None", "interestExpense": "1798000000", "nonInterestIncome": "None", "otherNonOperatingIncome": "441000000", "depreciation": "None", "depreciationAndAmortization": "2040000000", "incomeBeforeTax": "3091000000", "incomeTaxExpense": "648000000", "interestAndDebtExpense": "None", "netIncomeFromContinuingOperations": "2443000000", "comprehensiveIncomeNetOfTax": "None", "ebit": "4448000000", "ebitda": "6488000000", "netIncome": "1026000000"}, {"fiscalDateEnding": "2013-12-31", "reportedCurrency": "USD", "grossProfit": "12264000000", "totalRevenue": "14070000000", "costOfRevenue": "1806000000", "costofGoodsAndServicesSold": "1806000000", "operatingIncome": "3990000000", "sellingGeneralAndAdministrative": "613000000", "researchAndDevelopment": "None", "operatingExpenses": "8274000000", "investmentIncomeNet": "None", "netInterestIncome": "None", "interestIncome": "None", "interestExpense": "1675000000", "nonInterestIncome": "None", "otherNonOperatingIncome": "899000000", "depreciation": "None", "depreciationAndAmortization": "1806000000", "incomeBeforeTax": "3438000000", "incomeTaxExpense": "742000000", "interestAndDebtExpense": "None", "netIncomeFromContinuingOperations": "2696000000", "comprehensiveIncomeNetOfTax": "None", "ebit": "3990000000", "ebitda": "5796000000", "netIncome": "1193000000"}, {"fiscalDateEnding": "2012-12-31", "reportedCurrency": "USD", "grossProfit": "8554000000", "totalRevenue": "9973000000", "costOfRevenue": "1419000000", "costofGoodsAndServicesSold": "1419000000", "operatingIncome": "2593000000", "sellingGeneralAndAdministrative": "929000000", "researchAndDevelopment": "None", "operatingExpenses": "5974000000", "investmentIncomeNet": "None", "netInterestIncome": "None", "interestIncome": "None", "interestExpense": "1399000000", "nonInterestIncome": "None", "otherNonOperatingIncome": "177000000", "depreciation": "None", "depreciationAndAmortization": "1426000000", "incomeBeforeTax": "1543000000", "incomeTaxExpense": "210000000", "interestAndDebtExpense": "None", "netIncomeFromContinuingOperations": "1204000000", "comprehensiveIncomeNetOfTax": "None", "ebit": "2593000000", "ebitda": "4019000000", "netIncome": "444000000"}, {"fiscalDateEnding": "2011-12-31", "reportedCurrency": "USD", "grossProfit": "3323600000", "totalRevenue": "8264900000", "costOfRevenue": "4941300000", "costofGoodsAndServicesSold": "4941300000", "operatingIncome": "1538700000", "sellingGeneralAndAdministrative": "515000000", "researchAndDevelopment": "None", "operatingExpenses": "1791400000", "investmentIncomeNet": "None", "netInterestIncome": "None", "interestIncome": "None", "interestExpense": "703300000", "nonInterestIncome": "None", "otherNonOperatingIncome": "None", "depreciation": "None", "depreciationAndAmortization": "1091900000", "incomeBeforeTax": "1015000000", "incomeTaxExpense": "362800000", "interestAndDebtExpense": "None", "netIncomeFromContinuingOperations": "None", "comprehensiveIncomeNetOfTax": "None", "ebit": "1538700000", "ebitda": "2630600000", "netIncome": "594400000"}, {"fiscalDateEnding": "2010-12-31", "reportedCurrency": "USD", "grossProfit": "3155400000", "totalRevenue": "8190600000", "costOfRevenue": "5035200000", "costofGoodsAndServicesSold": "5035200000", "operatingIncome": "1280700000", "sellingGeneralAndAdministrative": "631100000", "researchAndDevelopment": "None", "operatingExpenses": "1874700000", "investmentIncomeNet": "None", "netInterestIncome": "None", "interestIncome": "None", "interestExpense": "668300000", "nonInterestIncome": "None", "otherNonOperatingIncome": "None", "depreciation": "None", "depreciationAndAmortization": "1078800000", "incomeBeforeTax": "467900000", "incomeTaxExpense": "167600000", "interestAndDebtExpense": "None", "netIncomeFromContinuingOperations": "None", "comprehensiveIncomeNetOfTax": "None", "ebit": "1280700000", "ebitda": "2359500000", "netIncome": "-41300000"}, {"fiscalDateEnding": "2009-12-31", "reportedCurrency": "USD", "grossProfit": "4116700000", "totalRevenue": "7185200000", "costOfRevenue": "3068500000", "costofGoodsAndServicesSold": "3068500000", "operatingIncome": "1407200000", "sellingGeneralAndAdministrative": "None", "researchAndDevelopment": "None", "operatingExpenses": "2709500000", "investmentIncomeNet": "None", "netInterestIncome": "None", "interestIncome": "None", "interestExpense": "573400000", "nonInterestIncome": "None", "otherNonOperatingIncome": "None", "depreciation": "None", "depreciationAndAmortization": "1070200000", "incomeBeforeTax": "1099400000", "incomeTaxExpense": "326600000", "interestAndDebtExpense": "None", "netIncomeFromContinuingOperations": "None", "comprehensiveIncomeNetOfTax": "None", "ebit": "1407200000", "ebitda": "2477400000", "netIncome": "495000000"}, {"fiscalDateEnding": "2008-12-31", "reportedCurrency": "USD", "grossProfit": "3032800000", "totalRevenue": "12094800000", "costOfRevenue": "9062000000", "costofGoodsAndServicesSold": "9062000000", "operatingIncome": "-2472100000", "sellingGeneralAndAdministrative": "None", "researchAndDevelopment": "None", "operatingExpenses": "1471600000", "investmentIncomeNet": "None", "netInterestIncome": "None", "interestIncome": "None", "interestExpense": "675800000", "nonInterestIncome": "None", "otherNonOperatingIncome": "None", "depreciation": "None", "depreciationAndAmortization": "5200300000", "incomeBeforeTax": "-2898000000", "incomeTaxExpense": "304300000", "interestAndDebtExpense": "None", "netIncomeFromContinuingOperations": "None", "comprehensiveIncomeNetOfTax": "None", "ebit": "-2472100000", "ebitda": "2728200000", "netIncome": "-3599300000"}, {"fiscalDateEnding": "2007-12-31", "reportedCurrency": "USD", "grossProfit": "2358000000", "totalRevenue": "10559800000", "costOfRevenue": "8201800000", "costofGoodsAndServicesSold": "8201800000", "operatingIncome": "1624700000", "sellingGeneralAndAdministrative": "None", "researchAndDevelopment": "None", "operatingExpenses": "None", "investmentIncomeNet": "None", "netInterestIncome": "None", "interestIncome": "None", "interestExpense": "0", "nonInterestIncome": "None", "otherNonOperatingIncome": "None", "depreciation": "None", "depreciationAndAmortization": "None", "incomeBeforeTax": "507000000", "incomeTaxExpense": "362900000", "interestAndDebtExpense": "None", "netIncomeFromContinuingOperations": "None", "comprehensiveIncomeNetOfTax": "None", "ebit": "1624700000", "ebitda": "None", "netIncome": "312900000"}, {"fiscalDateEnding": "2006-12-31", "reportedCurrency": "USD", "grossProfit": "2683100000", "totalRevenue": "11846400000", "costOfRevenue": "9163300000", "costofGoodsAndServicesSold": "9163300000", "operatingIncome": "2036700000", "sellingGeneralAndAdministrative": "None", "researchAndDevelopment": "None", "operatingExpenses": "None", "investmentIncomeNet": "None", "netInterestIncome": "None", "interestIncome": "None", "interestExpense": "0", "nonInterestIncome": "None", "otherNonOperatingIncome": "None", "depreciation": "None", "depreciationAndAmortization": "None", "incomeBeforeTax": "697000000", "incomeTaxExpense": "274100000", "interestAndDebtExpense": "None", "netIncomeFromContinuingOperations": "None", "comprehensiveIncomeNetOfTax": "None", "ebit": "2036700000", "ebitda": "None", "netIncome": "71900000"}, {"fiscalDateEnding": "2005-12-31", "reportedCurrency": "USD", "grossProfit": "603913000", "totalRevenue": "1585772000", "costOfRevenue": "981859000", "costofGoodsAndServicesSold": "981859000", "operatingIncome": "472273000", "sellingGeneralAndAdministrative": "None", "researchAndDevelopment": "None", "operatingExpenses": "None", "investmentIncomeNet": "None", "netInterestIncome": "None", "interestIncome": "None", "interestExpense": "0", "nonInterestIncome": "None", "otherNonOperatingIncome": "None", "depreciation": "None", "depreciationAndAmortization": "None", "incomeBeforeTax": "963500000", "incomeTaxExpense": "360873000", "interestAndDebtExpense": "None", "netIncomeFromContinuingOperations": "None", "comprehensiveIncomeNetOfTax": "None", "ebit": "472273000", "ebitda": "None", "netIncome": "554619000"}], "quarterlyReports": [{"fiscalDateEnding": "2025-03-31", "reportedCurrency": "USD", "grossProfit": "4241000000", "totalRevenue": "4241000000", "costOfRevenue": "2086000000", "costofGoodsAndServicesSold": "2086000000", "operatingIncome": "1145000000", "sellingGeneralAndAdministrative": "187000000", "researchAndDevelopment": "None", "operatingExpenses": "187000000", "investmentIncomeNet": "None", "netInterestIncome": "-451000000", "interestIncome": "None", "interestExpense": "None", "nonInterestIncome": "None", "otherNonOperatingIncome": "None", "depreciation": "None", "depreciationAndAmortization": "610000000", "incomeBeforeTax": "929000000", "incomeTaxExpense": "-186000000", "interestAndDebtExpense": "None", "netIncomeFromContinuingOperations": "743000000", "comprehensiveIncomeNetOfTax": "None", "ebit": "580000000", "ebitda": "1190000000", "netIncome": "766000000"}, {"fiscalDateEnding": "2024-12-31", "reportedCurrency": "USD", "grossProfit": "2152000000", "totalRevenue": "3987000000", "costOfRevenue": "1835000000", "costofGoodsAndServicesSold": "1835000000", "operatingIncome": "1108000000", "sellingGeneralAndAdministrative": "182000000", "researchAndDevelopment": "None", "operatingExpenses": "1044000000", "investmentIncomeNet": "None", "netInterestIncome": "-442000000", "interestIncome": "None", "interestExpense": "None", "nonInterestIncome": "None", "otherNonOperatingIncome": "None", "depreciation": "None", "depreciationAndAmortization": "596000000", "incomeBeforeTax": "891000000", "incomeTaxExpense": "197000000", "interestAndDebtExpense": "None", "netIncomeFromContinuingOperations": "694000000", "comprehensiveIncomeNetOfTax": "None", "ebit": "-45000000", "ebitda": "551000000", "netIncome": "667000000"}, {"fiscalDateEnding": "2024-09-30", "reportedCurrency": "USD", "grossProfit": "2088000000", "totalRevenue": "3699000000", "costOfRevenue": "1611000000", "costofGoodsAndServicesSold": "1611000000", "operatingIncome": "1015000000", "sellingGeneralAndAdministrative": "176000000", "researchAndDevelopment": "None", "operatingExpenses": "1073000000", "investmentIncomeNet": "None", "netInterestIncome": "-466000000", "interestIncome": "None", "interestExpense": "None", "nonInterestIncome": "None", "otherNonOperatingIncome": "None", "depreciation": "None", "depreciationAndAmortization": "587000000", "incomeBeforeTax": "764000000", "incomeTaxExpense": "113000000", "interestAndDebtExpense": "None", "netIncomeFromContinuingOperations": "651000000", "comprehensiveIncomeNetOfTax": "None", "ebit": "1016000000", "ebitda": "1603000000", "netIncome": "625000000"}, {"fiscalDateEnding": "2024-06-30", "reportedCurrency": "USD", "grossProfit": "1325000000", "totalRevenue": "3597000000", "costOfRevenue": "2272000000", "costofGoodsAndServicesSold": "2272000000", "operatingIncome": "1037000000", "sellingGeneralAndAdministrative": "179000000", "researchAndDevelopment": "None", "operatingExpenses": "288000000", "investmentIncomeNet": "None", "netInterestIncome": "-464000000", "interestIncome": "None", "interestExpense": "464000000", "nonInterestIncome": "None", "otherNonOperatingIncome": "None", "depreciation": "None", "depreciationAndAmortization": "584000000", "incomeBeforeTax": "770000000", "incomeTaxExpense": "168000000", "interestAndDebtExpense": "None", "netIncomeFromContinuingOperations": "602000000", "comprehensiveIncomeNetOfTax": "None", "ebit": "993000000", "ebitda": "1577000000", "netIncome": "575000000"}, {"fiscalDateEnding": "2024-03-31", "reportedCurrency": "USD", "grossProfit": "1480000000", "totalRevenue": "3833000000", "costOfRevenue": "2353000000", "costofGoodsAndServicesSold": "2353000000", "operatingIncome": "1194000000", "sellingGeneralAndAdministrative": "175000000", "researchAndDevelopment": "None", "operatingExpenses": "286000000", "investmentIncomeNet": "None", "netInterestIncome": "-472000000", "interestIncome": "None", "interestExpense": "472000000", "nonInterestIncome": "None", "otherNonOperatingIncome": "None", "depreciation": "None", "depreciationAndAmortization": "587000000", "incomeBeforeTax": "982000000", "incomeTaxExpense": "209000000", "interestAndDebtExpense": "None", "netIncomeFromContinuingOperations": "773000000", "comprehensiveIncomeNetOfTax": "None", "ebit": "1191000000", "ebitda": "1778000000", "netIncome": "746000000"}, {"fiscalDateEnding": "2023-12-31", "reportedCurrency": "USD", "grossProfit": "2124000000", "totalRevenue": "4038000000", "costOfRevenue": "1914000000", "costofGoodsAndServicesSold": "1914000000", "operatingIncome": "1101000000", "sellingGeneralAndAdministrative": "171000000", "researchAndDevelopment": "None", "operatingExpenses": "1020000000", "investmentIncomeNet": "None", "netInterestIncome": "-452000000", "interestIncome": "None", "interestExpense": "452000000", "nonInterestIncome": "None", "otherNonOperatingIncome": "None", "depreciation": "None", "depreciationAndAmortization": "567000000", "incomeBeforeTax": "824000000", "incomeTaxExpense": "206000000", "interestAndDebtExpense": "None", "netIncomeFromContinuingOperations": "618000000", "comprehensiveIncomeNetOfTax": "None", "ebit": "1102000000", "ebitda": "1669000000", "netIncome": "594000000"}, {"fiscalDateEnding": "2023-09-30", "reportedCurrency": "USD", "grossProfit": "1941000000", "totalRevenue": "3907000000", "costOfRevenue": "1966000000", "costofGoodsAndServicesSold": "1966000000", "operatingIncome": "938000000", "sellingGeneralAndAdministrative": "162000000", "researchAndDevelopment": "None", "operatingExpenses": "1006000000", "investmentIncomeNet": "None", "netInterestIncome": "-457000000", "interestIncome": "223000000", "interestExpense": "454000000", "nonInterestIncome": "None", "otherNonOperatingIncome": "None", "depreciation": "None", "depreciationAndAmortization": "561000000", "incomeBeforeTax": "700000000", "incomeTaxExpense": "145000000", "interestAndDebtExpense": "None", "netIncomeFromContinuingOperations": "555000000", "comprehensiveIncomeNetOfTax": "None", "ebit": "935000000", "ebitda": "1496000000", "netIncome": "532000000"}, {"fiscalDateEnding": "2023-06-30", "reportedCurrency": "USD", "grossProfit": "1973000000", "totalRevenue": "3501000000", "costOfRevenue": "1528000000", "costofGoodsAndServicesSold": "1528000000", "operatingIncome": "447000000", "sellingGeneralAndAdministrative": "169000000", "researchAndDevelopment": "None", "operatingExpenses": "956000000", "investmentIncomeNet": "None", "netInterestIncome": "-443000000", "interestIncome": "235000000", "interestExpense": "360000000", "nonInterestIncome": "None", "otherNonOperatingIncome": "191000000", "depreciation": "None", "depreciationAndAmortization": "557000000", "incomeBeforeTax": "778000000", "incomeTaxExpense": "168000000", "interestAndDebtExpense": "None", "netIncomeFromContinuingOperations": "610000000", "comprehensiveIncomeNetOfTax": "None", "ebit": "1017000000", "ebitda": "1574000000", "netIncome": "586000000"}, {"fiscalDateEnding": "2023-03-31", "reportedCurrency": "USD", "grossProfit": "2108000000", "totalRevenue": "3888000000", "costOfRevenue": "1780000000", "costofGoodsAndServicesSold": "1780000000", "operatingIncome": "629000000", "sellingGeneralAndAdministrative": "166000000", "researchAndDevelopment": "None", "operatingExpenses": "914000000", "investmentIncomeNet": "None", "netInterestIncome": "-445000000", "interestIncome": "280000000", "interestExpense": "302000000", "nonInterestIncome": "None", "otherNonOperatingIncome": "150000000", "depreciation": "None", "depreciationAndAmortization": "565000000", "incomeBeforeTax": "899000000", "incomeTaxExpense": "196000000", "interestAndDebtExpense": "None", "netIncomeFromContinuingOperations": "703000000", "comprehensiveIncomeNetOfTax": "None", "ebit": "1194000000", "ebitda": "1759000000", "netIncome": "679000000"}, {"fiscalDateEnding": "2022-12-31", "reportedCurrency": "USD", "grossProfit": "2064000000", "totalRevenue": "4579000000", "costOfRevenue": "2515000000", "costofGoodsAndServicesSold": "2515000000", "operatingIncome": "546000000", "sellingGeneralAndAdministrative": "167000000", "researchAndDevelopment": "None", "operatingExpenses": "962000000", "investmentIncomeNet": "None", "netInterestIncome": "-426000000", "interestIncome": "187000000", "interestExpense": "414000000", "nonInterestIncome": "None", "otherNonOperatingIncome": "213000000", "depreciation": "None", "depreciationAndAmortization": "554000000", "incomeBeforeTax": "891000000", "incomeTaxExpense": "198000000", "interestAndDebtExpense": "None", "netIncomeFromContinuingOperations": "693000000", "comprehensiveIncomeNetOfTax": "None", "ebit": "1102000000", "ebitda": "1656000000", "netIncome": "670000000"}, {"fiscalDateEnding": "2022-09-30", "reportedCurrency": "USD", "grossProfit": "1909000000", "totalRevenue": "5177000000", "costOfRevenue": "3268000000", "costofGoodsAndServicesSold": "3268000000", "operatingIncome": "362000000", "sellingGeneralAndAdministrative": "162000000", "researchAndDevelopment": "None", "operatingExpenses": "987000000", "investmentIncomeNet": "None", "netInterestIncome": "-399000000", "interestIncome": "204000000", "interestExpense": "399000000", "nonInterestIncome": "None", "otherNonOperatingIncome": "197000000", "depreciation": "None", "depreciationAndAmortization": "551000000", "incomeBeforeTax": "729000000", "incomeTaxExpense": "134000000", "interestAndDebtExpense": "None", "netIncomeFromContinuingOperations": "595000000", "comprehensiveIncomeNetOfTax": "None", "ebit": "922000000", "ebitda": "1473000000", "netIncome": "576000000"}, {"fiscalDateEnding": "2022-06-30", "reportedCurrency": "USD", "grossProfit": "1925000000", "totalRevenue": "5151000000", "costOfRevenue": "3226000000", "costofGoodsAndServicesSold": "3226000000", "operatingIncome": "441000000", "sellingGeneralAndAdministrative": "152000000", "researchAndDevelopment": "None", "operatingExpenses": "930000000", "investmentIncomeNet": "None", "netInterestIncome": "-355000000", "interestIncome": "173000000", "interestExpense": "355000000", "nonInterestIncome": "None", "otherNonOperatingIncome": "186000000", "depreciation": "None", "depreciationAndAmortization": "543000000", "incomeBeforeTax": "837000000", "incomeTaxExpense": "184000000", "interestAndDebtExpense": "None", "netIncomeFromContinuingOperations": "653000000", "comprehensiveIncomeNetOfTax": "None", "ebit": "995000000", "ebitda": "1538000000", "netIncome": "635000000"}, {"fiscalDateEnding": "2022-03-31", "reportedCurrency": "USD", "grossProfit": "1861000000", "totalRevenue": "4293000000", "costOfRevenue": "2432000000", "costofGoodsAndServicesSold": "2432000000", "operatingIncome": "466000000", "sellingGeneralAndAdministrative": "156000000", "researchAndDevelopment": "None", "operatingExpenses": "847000000", "investmentIncomeNet": "None", "netInterestIncome": "-333000000", "interestIncome": "146000000", "interestExpense": "333000000", "nonInterestIncome": "None", "otherNonOperatingIncome": "187000000", "depreciation": "None", "depreciationAndAmortization": "538000000", "incomeBeforeTax": "878000000", "incomeTaxExpense": "194000000", "interestAndDebtExpense": "None", "netIncomeFromContinuingOperations": "684000000", "comprehensiveIncomeNetOfTax": "None", "ebit": "1014000000", "ebitda": "1552000000", "netIncome": "667000000"}, {"fiscalDateEnding": "2021-12-31", "reportedCurrency": "USD", "grossProfit": "1896000000", "totalRevenue": "4425000000", "costOfRevenue": "2529000000", "costofGoodsAndServicesSold": "2529000000", "operatingIncome": "950000000", "sellingGeneralAndAdministrative": "165000000", "researchAndDevelopment": "None", "operatingExpenses": "924000000", "investmentIncomeNet": "None", "netInterestIncome": "-370000000", "interestIncome": "171000000", "interestExpense": "373000000", "nonInterestIncome": "None", "otherNonOperatingIncome": "195000000", "depreciation": "None", "depreciationAndAmortization": "540000000", "incomeBeforeTax": "775000000", "incomeTaxExpense": "121000000", "interestAndDebtExpense": "None", "netIncomeFromContinuingOperations": "654000000", "comprehensiveIncomeNetOfTax": "None", "ebit": "972000000", "ebitda": "1512000000", "netIncome": "637000000"}, {"fiscalDateEnding": "2021-09-30", "reportedCurrency": "USD", "grossProfit": "1739000000", "totalRevenue": "3824000000", "costOfRevenue": "2085000000", "costofGoodsAndServicesSold": "2085000000", "operatingIncome": "844000000", "sellingGeneralAndAdministrative": "174000000", "researchAndDevelopment": "None", "operatingExpenses": "891000000", "investmentIncomeNet": "None", "netInterestIncome": "-368000000", "interestIncome": "199000000", "interestExpense": "368000000", "nonInterestIncome": "None", "otherNonOperatingIncome": "169000000", "depreciation": "None", "depreciationAndAmortization": "526000000", "incomeBeforeTax": "645000000", "incomeTaxExpense": "134000000", "interestAndDebtExpense": "None", "netIncomeFromContinuingOperations": "511000000", "comprehensiveIncomeNetOfTax": "None", "ebit": "848000000", "ebitda": "1374000000", "netIncome": "495000000"}, {"fiscalDateEnding": "2021-06-30", "reportedCurrency": "USD", "grossProfit": "1686000000", "totalRevenue": "3150000000", "costOfRevenue": "1464000000", "costofGoodsAndServicesSold": "1464000000", "operatingIncome": "-764000000", "sellingGeneralAndAdministrative": "160000000", "researchAndDevelopment": "None", "operatingExpenses": "848000000", "investmentIncomeNet": "None", "netInterestIncome": "-377000000", "interestIncome": "220000000", "interestExpense": "377000000", "nonInterestIncome": "None", "otherNonOperatingIncome": "164000000", "depreciation": "None", "depreciationAndAmortization": "528000000", "incomeBeforeTax": "-977000000", "incomeTaxExpense": "-237000000", "interestAndDebtExpense": "None", "netIncomeFromContinuingOperations": "-740000000", "comprehensiveIncomeNetOfTax": "None", "ebit": "838000000", "ebitda": "1366000000", "netIncome": "-757000000"}, {"fiscalDateEnding": "2021-03-31", "reportedCurrency": "USD", "grossProfit": "2661000000", "totalRevenue": "5211000000", "costOfRevenue": "2550000000", "costofGoodsAndServicesSold": "2550000000", "operatingIncome": "1886000000", "sellingGeneralAndAdministrative": "156000000", "researchAndDevelopment": "None", "operatingExpenses": "779000000", "investmentIncomeNet": "None", "netInterestIncome": "-377000000", "interestIncome": "311000000", "interestExpense": "377000000", "nonInterestIncome": "None", "otherNonOperatingIncome": "267000000", "depreciation": "None", "depreciationAndAmortization": "541000000", "incomeBeforeTax": "1776000000", "incomeTaxExpense": "351000000", "interestAndDebtExpense": "None", "netIncomeFromContinuingOperations": "1425000000", "comprehensiveIncomeNetOfTax": "None", "ebit": "1882000000", "ebitda": "2423000000", "netIncome": "1409000000"}, {"fiscalDateEnding": "2020-12-31", "reportedCurrency": "USD", "grossProfit": "1801000000", "totalRevenue": "3115000000", "costOfRevenue": "1314000000", "costofGoodsAndServicesSold": "1314000000", "operatingIncome": "980000000", "sellingGeneralAndAdministrative": "187000000", "researchAndDevelopment": "None", "operatingExpenses": "876000000", "investmentIncomeNet": "None", "netInterestIncome": "-381000000", "interestIncome": "163000000", "interestExpense": "382000000", "nonInterestIncome": "None", "otherNonOperatingIncome": "201000000", "depreciation": "None", "depreciationAndAmortization": "528000000", "incomeBeforeTax": "800000000", "incomeTaxExpense": "177000000", "interestAndDebtExpense": "None", "netIncomeFromContinuingOperations": "623000000", "comprehensiveIncomeNetOfTax": "None", "ebit": "1182000000", "ebitda": "1710000000", "netIncome": "607000000"}, {"fiscalDateEnding": "2020-09-30", "reportedCurrency": "USD", "grossProfit": "1725000000", "totalRevenue": "2919000000", "costOfRevenue": "1194000000", "costofGoodsAndServicesSold": "1194000000", "operatingIncome": "819000000", "sellingGeneralAndAdministrative": "153000000", "researchAndDevelopment": "None", "operatingExpenses": "896000000", "investmentIncomeNet": "None", "netInterestIncome": "-383000000", "interestIncome": "189000000", "interestExpense": "383000000", "nonInterestIncome": "None", "otherNonOperatingIncome": "176000000", "depreciation": "None", "depreciationAndAmortization": "539000000", "incomeBeforeTax": "612000000", "incomeTaxExpense": "140000000", "interestAndDebtExpense": "None", "netIncomeFromContinuingOperations": "472000000", "comprehensiveIncomeNetOfTax": "None", "ebit": "841000000", "ebitda": "1380000000", "netIncome": "455000000"}, {"fiscalDateEnding": "2020-06-30", "reportedCurrency": "USD", "grossProfit": "1587000000", "totalRevenue": "2560000000", "costOfRevenue": "973000000", "costofGoodsAndServicesSold": "973000000", "operatingIncome": "-282000000", "sellingGeneralAndAdministrative": "155000000", "researchAndDevelopment": "None", "operatingExpenses": "864000000", "investmentIncomeNet": "None", "netInterestIncome": "-395000000", "interestIncome": "219000000", "interestExpense": "395000000", "nonInterestIncome": "None", "otherNonOperatingIncome": "157000000", "depreciation": "None", "depreciationAndAmortization": "532000000", "incomeBeforeTax": "-520000000", "incomeTaxExpense": "104000000", "interestAndDebtExpense": "None", "netIncomeFromContinuingOperations": "-624000000", "comprehensiveIncomeNetOfTax": "None", "ebit": "723000000", "ebitda": "1255000000", "netIncome": "-637000000"}, {"fiscalDateEnding": "2020-03-31", "reportedCurrency": "USD", "grossProfit": "1878000000", "totalRevenue": "3106000000", "costOfRevenue": "1228000000", "costofGoodsAndServicesSold": "1228000000", "operatingIncome": "43000000", "sellingGeneralAndAdministrative": "153000000", "researchAndDevelopment": "None", "operatingExpenses": "864000000", "investmentIncomeNet": "None", "netInterestIncome": "-436000000", "interestIncome": "244000000", "interestExpense": "436000000", "nonInterestIncome": "None", "otherNonOperatingIncome": "162000000", "depreciation": "None", "depreciationAndAmortization": "565000000", "incomeBeforeTax": "-231000000", "incomeTaxExpense": "60000000", "interestAndDebtExpense": "None", "netIncomeFromContinuingOperations": "-291000000", "comprehensiveIncomeNetOfTax": "None", "ebit": "1014000000", "ebitda": "1579000000", "netIncome": "-306000000"}, {"fiscalDateEnding": "2019-12-31", "reportedCurrency": "USD", "grossProfit": "1915000000", "totalRevenue": "3352000000", "costOfRevenue": "1437000000", "costofGoodsAndServicesSold": "1437000000", "operatingIncome": "1931000000", "sellingGeneralAndAdministrative": "134000000", "researchAndDevelopment": "None", "operatingExpenses": "913000000", "investmentIncomeNet": "None", "netInterestIncome": "-442000000", "interestIncome": "867000000", "interestExpense": "442000000", "nonInterestIncome": "None", "otherNonOperatingIncome": "-1349000000", "depreciation": "None", "depreciationAndAmortization": "661000000", "incomeBeforeTax": "1082000000", "incomeTaxExpense": "455000000", "interestAndDebtExpense": "None", "netIncomeFromContinuingOperations": "2479000000", "comprehensiveIncomeNetOfTax": "None", "ebit": "1526000000", "ebitda": "2187000000", "netIncome": "610000000"}, {"fiscalDateEnding": "2019-09-30", "reportedCurrency": "USD", "grossProfit": "1874000000", "totalRevenue": "3214000000", "costOfRevenue": "1340000000", "costofGoodsAndServicesSold": "1340000000", "operatingIncome": "951000000", "sellingGeneralAndAdministrative": "154000000", "researchAndDevelopment": "None", "operatingExpenses": "925000000", "investmentIncomeNet": "None", "netInterestIncome": "-447000000", "interestIncome": "274000000", "interestExpense": "447000000", "nonInterestIncome": "None", "otherNonOperatingIncome": "164000000", "depreciation": "None", "depreciationAndAmortization": "578000000", "incomeBeforeTax": "668000000", "incomeTaxExpense": "151000000", "interestAndDebtExpense": "None", "netIncomeFromContinuingOperations": "517000000", "comprehensiveIncomeNetOfTax": "None", "ebit": "948000000", "ebitda": "1526000000", "netIncome": "506000000"}, {"fiscalDateEnding": "2019-06-30", "reportedCurrency": "USD", "grossProfit": "1858000000", "totalRevenue": "3214000000", "costOfRevenue": "1356000000", "costofGoodsAndServicesSold": "1356000000", "operatingIncome": "973000000", "sellingGeneralAndAdministrative": "148000000", "researchAndDevelopment": "None", "operatingExpenses": "897000000", "investmentIncomeNet": "None", "netInterestIncome": "-452000000", "interestIncome": "291000000", "interestExpense": "452000000", "nonInterestIncome": "None", "otherNonOperatingIncome": "155000000", "depreciation": "None", "depreciationAndAmortization": "579000000", "incomeBeforeTax": "676000000", "incomeTaxExpense": "148000000", "interestAndDebtExpense": "None", "netIncomeFromContinuingOperations": "528000000", "comprehensiveIncomeNetOfTax": "None", "ebit": "963000000", "ebitda": "1542000000", "netIncome": "518000000"}, {"fiscalDateEnding": "2019-03-31", "reportedCurrency": "USD", "grossProfit": "1888000000", "totalRevenue": "3429000000", "costOfRevenue": "1541000000", "costofGoodsAndServicesSold": "1541000000", "operatingIncome": "1018000000", "sellingGeneralAndAdministrative": "154000000", "researchAndDevelopment": "0", "operatingExpenses": "870000000", "investmentIncomeNet": "None", "netInterestIncome": "-460000000", "interestIncome": "None", "interestExpense": "460000000", "nonInterestIncome": "None", "otherNonOperatingIncome": "181000000", "depreciation": "None", "depreciationAndAmortization": "593000000", "incomeBeforeTax": "739000000", "incomeTaxExpense": "172000000", "interestAndDebtExpense": "None", "netIncomeFromContinuingOperations": "567000000", "comprehensiveIncomeNetOfTax": "None", "ebit": "1018000000", "ebitda": "1611000000", "netIncome": "556000000"}, {"fiscalDateEnding": "2018-12-31", "reportedCurrency": "USD", "grossProfit": "1995000000", "totalRevenue": "3781000000", "costOfRevenue": "1786000000", "costofGoodsAndServicesSold": "1786000000", "operatingIncome": "1058000000", "sellingGeneralAndAdministrative": "110000000", "researchAndDevelopment": "0", "operatingExpenses": "835000000", "investmentIncomeNet": "None", "netInterestIncome": "None", "interestIncome": "None", "interestExpense": "461000000", "nonInterestIncome": "None", "otherNonOperatingIncome": "178000000", "depreciation": "None", "depreciationAndAmortization": "587000000", "incomeBeforeTax": "775000000", "incomeTaxExpense": "273000000", "interestAndDebtExpense": "None", "netIncomeFromContinuingOperations": "1676000000", "comprehensiveIncomeNetOfTax": "None", "ebit": "1234000000", "ebitda": "1821000000", "netIncome": "494000000"}, {"fiscalDateEnding": "2018-09-30", "reportedCurrency": "USD", "grossProfit": "1813000000", "totalRevenue": "3517000000", "costOfRevenue": "1704000000", "costofGoodsAndServicesSold": "1704000000", "operatingIncome": "1515000000", "sellingGeneralAndAdministrative": "154000000", "researchAndDevelopment": "0", "operatingExpenses": "886000000", "investmentIncomeNet": "None", "netInterestIncome": "None", "interestIncome": "None", "interestExpense": "473000000", "nonInterestIncome": "None", "otherNonOperatingIncome": "159000000", "depreciation": "None", "depreciationAndAmortization": "569000000", "incomeBeforeTax": "1201000000", "incomeTaxExpense": "196000000", "interestAndDebtExpense": "None", "netIncomeFromContinuingOperations": "1005000000", "comprehensiveIncomeNetOfTax": "None", "ebit": "928000000", "ebitda": "1497000000", "netIncome": "732000000"}, {"fiscalDateEnding": "2018-06-30", "reportedCurrency": "USD", "grossProfit": "1789000000", "totalRevenue": "3428000000", "costOfRevenue": "1639000000", "costofGoodsAndServicesSold": "1639000000", "operatingIncome": "272000000", "sellingGeneralAndAdministrative": "164000000", "researchAndDevelopment": "0", "operatingExpenses": "866000000", "investmentIncomeNet": "None", "netInterestIncome": "None", "interestIncome": "None", "interestExpense": "516000000", "nonInterestIncome": "None", "otherNonOperatingIncome": "68000000", "depreciation": "None", "depreciationAndAmortization": "571000000", "incomeBeforeTax": "-176000000", "incomeTaxExpense": "-46000000", "interestAndDebtExpense": "None", "netIncomeFromContinuingOperations": "-130000000", "comprehensiveIncomeNetOfTax": "None", "ebit": "932000000", "ebitda": "1503000000", "netIncome": "-141000000"}, {"fiscalDateEnding": "2018-03-31", "reportedCurrency": "USD", "grossProfit": "1829000000", "totalRevenue": "3418000000", "costOfRevenue": "1589000000", "costofGoodsAndServicesSold": "1589000000", "operatingIncome": "949000000", "sellingGeneralAndAdministrative": "173000000", "researchAndDevelopment": "0", "operatingExpenses": "880000000", "investmentIncomeNet": "None", "netInterestIncome": "None", "interestIncome": "None", "interestExpense": "467000000", "nonInterestIncome": "None", "otherNonOperatingIncome": "224000000", "depreciation": "None", "depreciationAndAmortization": "570000000", "incomeBeforeTax": "706000000", "incomeTaxExpense": "164000000", "interestAndDebtExpense": "None", "netIncomeFromContinuingOperations": "542000000", "comprehensiveIncomeNetOfTax": "None", "ebit": "949000000", "ebitda": "1519000000", "netIncome": "524000000"}, {"fiscalDateEnding": "2017-12-31", "reportedCurrency": "USD", "grossProfit": "1861000000", "totalRevenue": "3632000000", "costOfRevenue": "1771000000", "costofGoodsAndServicesSold": "1771000000", "operatingIncome": "812000000", "sellingGeneralAndAdministrative": "175000000", "researchAndDevelopment": "0", "operatingExpenses": "1049000000", "investmentIncomeNet": "None", "netInterestIncome": "None", "interestIncome": "None", "interestExpense": "445000000", "nonInterestIncome": "None", "otherNonOperatingIncome": "-43000000", "depreciation": "None", "depreciationAndAmortization": "564000000", "incomeBeforeTax": "324000000", "incomeTaxExpense": "1316000000", "interestAndDebtExpense": "None", "netIncomeFromContinuingOperations": "2884000000", "comprehensiveIncomeNetOfTax": "None", "ebit": "812000000", "ebitda": "1376000000", "netIncome": "-1006000000"}, {"fiscalDateEnding": "2017-09-30", "reportedCurrency": "USD", "grossProfit": "1690000000", "totalRevenue": "3281000000", "costOfRevenue": "1591000000", "costofGoodsAndServicesSold": "1591000000", "operatingIncome": "830000000", "sellingGeneralAndAdministrative": "164000000", "researchAndDevelopment": "0", "operatingExpenses": "853000000", "investmentIncomeNet": "None", "netInterestIncome": "None", "interestIncome": "None", "interestExpense": "459000000", "nonInterestIncome": "None", "otherNonOperatingIncome": "176000000", "depreciation": "None", "depreciationAndAmortization": "562000000", "incomeBeforeTax": "547000000", "incomeTaxExpense": "160000000", "interestAndDebtExpense": "None", "netIncomeFromContinuingOperations": "387000000", "comprehensiveIncomeNetOfTax": "None", "ebit": "833000000", "ebitda": "1395000000", "netIncome": "373000000"}, {"fiscalDateEnding": "2017-06-30", "reportedCurrency": "USD", "grossProfit": "1701000000", "totalRevenue": "3368000000", "costOfRevenue": "1667000000", "costofGoodsAndServicesSold": "1667000000", "operatingIncome": "922000000", "sellingGeneralAndAdministrative": "153000000", "researchAndDevelopment": "0", "operatingExpenses": "780000000", "investmentIncomeNet": "None", "netInterestIncome": "None", "interestIncome": "None", "interestExpense": "463000000", "nonInterestIncome": "None", "otherNonOperatingIncome": "140000000", "depreciation": "None", "depreciationAndAmortization": "577000000", "incomeBeforeTax": "599000000", "incomeTaxExpense": "216000000", "interestAndDebtExpense": "None", "netIncomeFromContinuingOperations": "383000000", "comprehensiveIncomeNetOfTax": "None", "ebit": "920000000", "ebitda": "1497000000", "netIncome": "376000000"}, {"fiscalDateEnding": "2017-03-31", "reportedCurrency": "USD", "grossProfit": "1785000000", "totalRevenue": "3424000000", "costOfRevenue": "1639000000", "costofGoodsAndServicesSold": "1639000000", "operatingIncome": "980000000", "sellingGeneralAndAdministrative": "181000000", "researchAndDevelopment": "0", "operatingExpenses": "798000000", "investmentIncomeNet": "None", "netInterestIncome": "None", "interestIncome": "None", "interestExpense": "465000000", "nonInterestIncome": "None", "otherNonOperatingIncome": "176000000", "depreciation": "None", "depreciationAndAmortization": "558000000", "incomeBeforeTax": "691000000", "incomeTaxExpense": "246000000", "interestAndDebtExpense": "None", "netIncomeFromContinuingOperations": "445000000", "comprehensiveIncomeNetOfTax": "None", "ebit": "981000000", "ebitda": "1539000000", "netIncome": "440000000"}, {"fiscalDateEnding": "2016-12-31", "reportedCurrency": "USD", "grossProfit": "1788000000", "totalRevenue": "3389000000", "costOfRevenue": "1601000000", "costofGoodsAndServicesSold": "1601000000", "operatingIncome": "934000000", "sellingGeneralAndAdministrative": "119000000", "researchAndDevelopment": "0", "operatingExpenses": "774000000", "investmentIncomeNet": "None", "netInterestIncome": "None", "interestIncome": "None", "interestExpense": "422000000", "nonInterestIncome": "None", "otherNonOperatingIncome": "-124000000", "depreciation": "None", "depreciationAndAmortization": "557000000", "incomeBeforeTax": "388000000", "incomeTaxExpense": "173000000", "interestAndDebtExpense": "None", "netIncomeFromContinuingOperations": "2049000000", "comprehensiveIncomeNetOfTax": "None", "ebit": "981000000", "ebitda": "1538000000", "netIncome": "209000000"}, {"fiscalDateEnding": "2016-09-30", "reportedCurrency": "USD", "grossProfit": "1810000000", "totalRevenue": "3330000000", "costOfRevenue": "1520000000", "costofGoodsAndServicesSold": "1520000000", "operatingIncome": "882000000", "sellingGeneralAndAdministrative": "171000000", "researchAndDevelopment": "0", "operatingExpenses": "853000000", "investmentIncomeNet": "None", "netInterestIncome": "None", "interestIncome": "None", "interestExpense": "472000000", "nonInterestIncome": "None", "otherNonOperatingIncome": "-216000000", "depreciation": "None", "depreciationAndAmortization": "549000000", "incomeBeforeTax": "194000000", "incomeTaxExpense": "377000000", "interestAndDebtExpense": "None", "netIncomeFromContinuingOperations": "-183000000", "comprehensiveIncomeNetOfTax": "None", "ebit": "963000000", "ebitda": "1512000000", "netIncome": "-188000000"}, {"fiscalDateEnding": "2016-06-30", "reportedCurrency": "USD", "grossProfit": "1840000000", "totalRevenue": "3144000000", "costOfRevenue": "1304000000", "costofGoodsAndServicesSold": "1304000000", "operatingIncome": "940000000", "sellingGeneralAndAdministrative": "189000000", "researchAndDevelopment": "0", "operatingExpenses": "902000000", "investmentIncomeNet": "None", "netInterestIncome": "None", "interestIncome": "None", "interestExpense": "471000000", "nonInterestIncome": "None", "otherNonOperatingIncome": "119000000", "depreciation": "None", "depreciationAndAmortization": "552000000", "incomeBeforeTax": "588000000", "incomeTaxExpense": "213000000", "interestAndDebtExpense": "None", "netIncomeFromContinuingOperations": "375000000", "comprehensiveIncomeNetOfTax": "None", "ebit": "953000000", "ebitda": "1505000000", "netIncome": "372000000"}, {"fiscalDateEnding": "2016-03-31", "reportedCurrency": "USD", "grossProfit": "1913000000", "totalRevenue": "3195000000", "costOfRevenue": "1282000000", "costofGoodsAndServicesSold": "1282000000", "operatingIncome": "816000000", "sellingGeneralAndAdministrative": "190000000", "researchAndDevelopment": "0", "operatingExpenses": "863000000", "investmentIncomeNet": "None", "netInterestIncome": "None", "interestIncome": "None", "interestExpense": "441000000", "nonInterestIncome": "None", "otherNonOperatingIncome": "93000000", "depreciation": "None", "depreciationAndAmortization": "551000000", "incomeBeforeTax": "468000000", "incomeTaxExpense": "154000000", "interestAndDebtExpense": "None", "netIncomeFromContinuingOperations": "314000000", "comprehensiveIncomeNetOfTax": "None", "ebit": "1058000000", "ebitda": "1609000000", "netIncome": "315000000"}, {"fiscalDateEnding": "2015-12-31", "reportedCurrency": "USD", "grossProfit": "2218000000", "totalRevenue": "3636000000", "costOfRevenue": "1418000000", "costofGoodsAndServicesSold": "1418000000", "operatingIncome": "-69000000", "sellingGeneralAndAdministrative": "150000000", "researchAndDevelopment": "0", "operatingExpenses": "882000000", "investmentIncomeNet": "None", "netInterestIncome": "None", "interestIncome": "None", "interestExpense": "527000000", "nonInterestIncome": "None", "otherNonOperatingIncome": "78000000", "depreciation": "None", "depreciationAndAmortization": "584000000", "incomeBeforeTax": "-518000000", "incomeTaxExpense": "91000000", "interestAndDebtExpense": "None", "netIncomeFromContinuingOperations": "-736000000", "comprehensiveIncomeNetOfTax": "None", "ebit": "860000000", "ebitda": "1444000000", "netIncome": "-611000000"}, {"fiscalDateEnding": "2015-09-30", "reportedCurrency": "USD", "grossProfit": "3090000000", "totalRevenue": "3707000000", "costOfRevenue": "617000000", "costofGoodsAndServicesSold": "617000000", "operatingIncome": "721000000", "sellingGeneralAndAdministrative": "160000000", "researchAndDevelopment": "0", "operatingExpenses": "1986000000", "investmentIncomeNet": "None", "netInterestIncome": "None", "interestIncome": "None", "interestExpense": "540000000", "nonInterestIncome": "None", "otherNonOperatingIncome": "110000000", "depreciation": "None", "depreciationAndAmortization": "617000000", "incomeBeforeTax": "291000000", "incomeTaxExpense": "108000000", "interestAndDebtExpense": "None", "netIncomeFromContinuingOperations": "183000000", "comprehensiveIncomeNetOfTax": "None", "ebit": "1108000000", "ebitda": "1725000000", "netIncome": "186000000"}, {"fiscalDateEnding": "2015-06-30", "reportedCurrency": "USD", "grossProfit": "2893000000", "totalRevenue": "3463000000", "costOfRevenue": "570000000", "costofGoodsAndServicesSold": "570000000", "operatingIncome": "892000000", "sellingGeneralAndAdministrative": "164000000", "researchAndDevelopment": "0", "operatingExpenses": "1955000000", "investmentIncomeNet": "None", "netInterestIncome": "None", "interestIncome": "None", "interestExpense": "472000000", "nonInterestIncome": "None", "otherNonOperatingIncome": "111000000", "depreciation": "None", "depreciationAndAmortization": "570000000", "incomeBeforeTax": "531000000", "incomeTaxExpense": "189000000", "interestAndDebtExpense": "None", "netIncomeFromContinuingOperations": "342000000", "comprehensiveIncomeNetOfTax": "None", "ebit": "943000000", "ebitda": "1513000000", "netIncome": "333000000"}, {"fiscalDateEnding": "2015-03-31", "reportedCurrency": "USD", "grossProfit": "3059000000", "totalRevenue": "3597000000", "costOfRevenue": "538000000", "costofGoodsAndServicesSold": "538000000", "operatingIncome": "1115000000", "sellingGeneralAndAdministrative": "179000000", "researchAndDevelopment": "0", "operatingExpenses": "1889000000", "investmentIncomeNet": "None", "netInterestIncome": "None", "interestIncome": "None", "interestExpense": "489000000", "nonInterestIncome": "None", "otherNonOperatingIncome": "77000000", "depreciation": "None", "depreciationAndAmortization": "538000000", "incomeBeforeTax": "703000000", "incomeTaxExpense": "244000000", "interestAndDebtExpense": "None", "netIncomeFromContinuingOperations": "419000000", "comprehensiveIncomeNetOfTax": "None", "ebit": "1143000000", "ebitda": "1681000000", "netIncome": "469000000"}, {"fiscalDateEnding": "2014-12-31", "reportedCurrency": "USD", "grossProfit": "3429000000", "totalRevenue": "3951000000", "costOfRevenue": "522000000", "costofGoodsAndServicesSold": "522000000", "operatingIncome": "956000000", "sellingGeneralAndAdministrative": "149000000", "researchAndDevelopment": "0", "operatingExpenses": "2201000000", "investmentIncomeNet": "None", "netInterestIncome": "None", "interestIncome": "None", "interestExpense": "478000000", "nonInterestIncome": "None", "otherNonOperatingIncome": "112000000", "depreciation": "None", "depreciationAndAmortization": "522000000", "incomeBeforeTax": "590000000", "incomeTaxExpense": "24000000", "interestAndDebtExpense": "None", "netIncomeFromContinuingOperations": "566000000", "comprehensiveIncomeNetOfTax": "None", "ebit": "899000000", "ebitda": "1421000000", "netIncome": "126000000"}, {"fiscalDateEnding": "2014-09-30", "reportedCurrency": "USD", "grossProfit": "3771000000", "totalRevenue": "4291000000", "costOfRevenue": "520000000", "costofGoodsAndServicesSold": "520000000", "operatingIncome": "1332000000", "sellingGeneralAndAdministrative": "135000000", "researchAndDevelopment": "0", "operatingExpenses": "2439000000", "investmentIncomeNet": "None", "netInterestIncome": "None", "interestIncome": "None", "interestExpense": "432000000", "nonInterestIncome": "None", "otherNonOperatingIncome": "125000000", "depreciation": "None", "depreciationAndAmortization": "520000000", "incomeBeforeTax": "1025000000", "incomeTaxExpense": "246000000", "interestAndDebtExpense": "None", "netIncomeFromContinuingOperations": "779000000", "comprehensiveIncomeNetOfTax": "None", "ebit": "1332000000", "ebitda": "1852000000", "netIncome": "329000000"}, {"fiscalDateEnding": "2014-06-30", "reportedCurrency": "USD", "grossProfit": "3435000000", "totalRevenue": "3937000000", "costOfRevenue": "502000000", "costofGoodsAndServicesSold": "502000000", "operatingIncome": "1013000000", "sellingGeneralAndAdministrative": "154000000", "researchAndDevelopment": "0", "operatingExpenses": "2415000000", "investmentIncomeNet": "None", "netInterestIncome": "None", "interestIncome": "None", "interestExpense": "440000000", "nonInterestIncome": "None", "otherNonOperatingIncome": "102000000", "depreciation": "None", "depreciationAndAmortization": "502000000", "incomeBeforeTax": "675000000", "incomeTaxExpense": "178000000", "interestAndDebtExpense": "None", "netIncomeFromContinuingOperations": "497000000", "comprehensiveIncomeNetOfTax": "None", "ebit": "1020000000", "ebitda": "1522000000", "netIncome": "284000000"}, {"fiscalDateEnding": "2014-03-31", "reportedCurrency": "USD", "grossProfit": "3551000000", "totalRevenue": "4047000000", "costOfRevenue": "496000000", "costofGoodsAndServicesSold": "496000000", "operatingIncome": "1147000000", "sellingGeneralAndAdministrative": "172000000", "researchAndDevelopment": "0", "operatingExpenses": "2408000000", "investmentIncomeNet": "None", "netInterestIncome": "None", "interestIncome": "None", "interestExpense": "448000000", "nonInterestIncome": "None", "otherNonOperatingIncome": "102000000", "depreciation": "None", "depreciationAndAmortization": "496000000", "incomeBeforeTax": "801000000", "incomeTaxExpense": "200000000", "interestAndDebtExpense": "None", "netIncomeFromContinuingOperations": "601000000", "comprehensiveIncomeNetOfTax": "None", "ebit": "1143000000", "ebitda": "1639000000", "netIncome": "287000000"}, {"fiscalDateEnding": "2013-12-31", "reportedCurrency": "USD", "grossProfit": "3393000000", "totalRevenue": "3872000000", "costOfRevenue": "479000000", "costofGoodsAndServicesSold": "479000000", "operatingIncome": "1160000000", "sellingGeneralAndAdministrative": "132000000", "researchAndDevelopment": "0", "operatingExpenses": "2233000000", "investmentIncomeNet": "None", "netInterestIncome": "None", "interestIncome": "None", "interestExpense": "428000000", "nonInterestIncome": "None", "otherNonOperatingIncome": "-177000000", "depreciation": "None", "depreciationAndAmortization": "479000000", "incomeBeforeTax": "773000000", "incomeTaxExpense": "67000000", "interestAndDebtExpense": "None", "netIncomeFromContinuingOperations": "706000000", "comprehensiveIncomeNetOfTax": "None", "ebit": "1241000000", "ebitda": "1720000000", "netIncome": "338000000"}, {"fiscalDateEnding": "2013-09-30", "reportedCurrency": "USD", "grossProfit": "3187000000", "totalRevenue": "3654000000", "costOfRevenue": "467000000", "costofGoodsAndServicesSold": "467000000", "operatingIncome": "1041000000", "sellingGeneralAndAdministrative": "158000000", "researchAndDevelopment": "0", "operatingExpenses": "2211000000", "investmentIncomeNet": "None", "netInterestIncome": "None", "interestIncome": "None", "interestExpense": "418000000", "nonInterestIncome": "None", "otherNonOperatingIncome": "99000000", "depreciation": "None", "depreciationAndAmortization": "473000000", "incomeBeforeTax": "722000000", "incomeTaxExpense": "171000000", "interestAndDebtExpense": "None", "netIncomeFromContinuingOperations": "551000000", "comprehensiveIncomeNetOfTax": "None", "ebit": "977000000", "ebitda": "1450000000", "netIncome": "286000000"}, {"fiscalDateEnding": "2013-06-30", "reportedCurrency": "USD", "grossProfit": "2940000000", "totalRevenue": "3382000000", "costOfRevenue": "442000000", "costofGoodsAndServicesSold": "442000000", "operatingIncome": "775000000", "sellingGeneralAndAdministrative": "183000000", "researchAndDevelopment": "0", "operatingExpenses": "2182000000", "investmentIncomeNet": "None", "netInterestIncome": "None", "interestIncome": "None", "interestExpense": "427000000", "nonInterestIncome": "None", "otherNonOperatingIncome": "658000000", "depreciation": "None", "depreciationAndAmortization": "442000000", "incomeBeforeTax": "1006000000", "incomeTaxExpense": "225000000", "interestAndDebtExpense": "None", "netIncomeFromContinuingOperations": "781000000", "comprehensiveIncomeNetOfTax": "None", "ebit": "991000000", "ebitda": "1433000000", "netIncome": "277000000"}, {"fiscalDateEnding": "2013-03-31", "reportedCurrency": "USD", "grossProfit": "2648000000", "totalRevenue": "3060000000", "costOfRevenue": "412000000", "costofGoodsAndServicesSold": "412000000", "operatingIncome": "1020000000", "sellingGeneralAndAdministrative": "140000000", "researchAndDevelopment": "0", "operatingExpenses": "1627000000", "investmentIncomeNet": "None", "netInterestIncome": "None", "interestIncome": "None", "interestExpense": "402000000", "nonInterestIncome": "None", "otherNonOperatingIncome": "319000000", "depreciation": "None", "depreciationAndAmortization": "412000000", "incomeBeforeTax": "937000000", "incomeTaxExpense": "279000000", "interestAndDebtExpense": "None", "netIncomeFromContinuingOperations": "658000000", "comprehensiveIncomeNetOfTax": "None", "ebit": "702000000", "ebitda": "1114000000", "netIncome": "292000000"}, {"fiscalDateEnding": "2012-12-31", "reportedCurrency": "USD", "grossProfit": "2670000000", "totalRevenue": "3079000000", "costOfRevenue": "409000000", "costofGoodsAndServicesSold": "409000000", "operatingIncome": "965000000", "sellingGeneralAndAdministrative": "113000000", "researchAndDevelopment": "0", "operatingExpenses": "1696000000", "investmentIncomeNet": "None", "netInterestIncome": "None", "interestIncome": "None", "interestExpense": "406000000", "nonInterestIncome": "None", "otherNonOperatingIncome": "None", "depreciation": "None", "depreciationAndAmortization": "409000000", "incomeBeforeTax": "650000000", "incomeTaxExpense": "45000000", "interestAndDebtExpense": "None", "netIncomeFromContinuingOperations": "0", "comprehensiveIncomeNetOfTax": "None", "ebit": "864000000", "ebitda": "1273000000", "netIncome": "349000000"}, {"fiscalDateEnding": "2012-09-30", "reportedCurrency": "USD", "grossProfit": "1525000000", "totalRevenue": "2870000000", "costOfRevenue": "1345000000", "costofGoodsAndServicesSold": "1345000000", "operatingIncome": "852000000", "sellingGeneralAndAdministrative": "186000000", "researchAndDevelopment": "0", "operatingExpenses": "677000000", "investmentIncomeNet": "None", "netInterestIncome": "None", "interestIncome": "None", "interestExpense": "532000000", "nonInterestIncome": "None", "otherNonOperatingIncome": "None", "depreciation": "None", "depreciationAndAmortization": "403000000", "incomeBeforeTax": "446000000", "incomeTaxExpense": "60000000", "interestAndDebtExpense": "None", "netIncomeFromContinuingOperations": "0", "comprehensiveIncomeNetOfTax": "None", "ebit": "969000000", "ebitda": "1372000000", "netIncome": "200000000"}, {"fiscalDateEnding": "2012-06-30", "reportedCurrency": "USD", "grossProfit": "1147000000", "totalRevenue": "2166000000", "costOfRevenue": "1019000000", "costofGoodsAndServicesSold": "1019000000", "operatingIncome": "293000000", "sellingGeneralAndAdministrative": "501000000", "researchAndDevelopment": "0", "operatingExpenses": "854000000", "investmentIncomeNet": "None", "netInterestIncome": "None", "interestIncome": "None", "interestExpense": "297000000", "nonInterestIncome": "None", "otherNonOperatingIncome": "None", "depreciation": "None", "depreciationAndAmortization": "333000000", "incomeBeforeTax": "80000000", "incomeTaxExpense": "42000000", "interestAndDebtExpense": "None", "netIncomeFromContinuingOperations": "0", "comprehensiveIncomeNetOfTax": "None", "ebit": "337000000", "ebitda": "670000000", "netIncome": "-125000000"}, {"fiscalDateEnding": "2012-03-31", "reportedCurrency": "USD", "grossProfit": "971000000", "totalRevenue": "1857000000", "costOfRevenue": "886000000", "costofGoodsAndServicesSold": "886000000", "operatingIncome": "516000000", "sellingGeneralAndAdministrative": "515000000", "researchAndDevelopment": "0", "operatingExpenses": "453000000", "investmentIncomeNet": "None", "netInterestIncome": "None", "interestIncome": "None", "interestExpense": "184000000", "nonInterestIncome": "None", "otherNonOperatingIncome": "None", "depreciation": "None", "depreciationAndAmortization": "281000000", "incomeBeforeTax": "401000000", "incomeTaxExpense": "96000000", "interestAndDebtExpense": "None", "netIncomeFromContinuingOperations": "0", "comprehensiveIncomeNetOfTax": "None", "ebit": "580000000", "ebitda": "861000000", "netIncome": "21000000"}, {"fiscalDateEnding": "2011-12-31", "reportedCurrency": "USD", "grossProfit": "918600000", "totalRevenue": "2017300000", "costOfRevenue": "1098700000", "costofGoodsAndServicesSold": "1098700000", "operatingIncome": "469600000", "sellingGeneralAndAdministrative": "115800000", "researchAndDevelopment": "0", "operatingExpenses": "443200000", "investmentIncomeNet": "None", "netInterestIncome": "None", "interestIncome": "None", "interestExpense": "179100000", "nonInterestIncome": "None", "otherNonOperatingIncome": "None", "depreciation": "None", "depreciationAndAmortization": "284300000", "incomeBeforeTax": "397400000", "incomeTaxExpense": "112600000", "interestAndDebtExpense": "None", "netIncomeFromContinuingOperations": "0", "comprehensiveIncomeNetOfTax": "None", "ebit": "576500000", "ebitda": "860800000", "netIncome": "155800000"}, {"fiscalDateEnding": "2011-09-30", "reportedCurrency": "USD", "grossProfit": "851600000", "totalRevenue": "2206000000", "costOfRevenue": "1354400000", "costofGoodsAndServicesSold": "1354400000", "operatingIncome": "415500000", "sellingGeneralAndAdministrative": "109100000", "researchAndDevelopment": "0", "operatingExpenses": "435900000", "investmentIncomeNet": "None", "netInterestIncome": "None", "interestIncome": "None", "interestExpense": "177400000", "nonInterestIncome": "None", "otherNonOperatingIncome": "-87000000", "depreciation": "None", "depreciationAndAmortization": "287800000", "incomeBeforeTax": "151100000", "incomeTaxExpense": "66500000", "interestAndDebtExpense": "None", "netIncomeFromContinuingOperations": "84600000", "comprehensiveIncomeNetOfTax": "None", "ebit": "494700000", "ebitda": "782500000", "netIncome": "151500000"}, {"fiscalDateEnding": "2011-06-30", "reportedCurrency": "USD", "grossProfit": "670500000", "totalRevenue": "2033500000", "costOfRevenue": "1363000000", "costofGoodsAndServicesSold": "1363000000", "operatingIncome": "256600000", "sellingGeneralAndAdministrative": "109700000", "researchAndDevelopment": "0", "operatingExpenses": "427100000", "investmentIncomeNet": "None", "netInterestIncome": "None", "interestIncome": "None", "interestExpense": "172700000", "nonInterestIncome": "None", "otherNonOperatingIncome": "85700000", "depreciation": "None", "depreciationAndAmortization": "263700000", "incomeBeforeTax": "169600000", "incomeTaxExpense": "87800000", "interestAndDebtExpense": "None", "netIncomeFromContinuingOperations": "81800000", "comprehensiveIncomeNetOfTax": "None", "ebit": "303300000", "ebitda": "567000000", "netIncome": "132100000"}, {"fiscalDateEnding": "2011-03-31", "reportedCurrency": "USD", "grossProfit": "882900000", "totalRevenue": "2008100000", "costOfRevenue": "1125200000", "costofGoodsAndServicesSold": "1125200000", "operatingIncome": "397000000", "sellingGeneralAndAdministrative": "180400000", "researchAndDevelopment": "0", "operatingExpenses": "485200000", "investmentIncomeNet": "None", "netInterestIncome": "None", "interestIncome": "None", "interestExpense": "174100000", "nonInterestIncome": "None", "otherNonOperatingIncome": "None", "depreciation": "None", "depreciationAndAmortization": "256100000", "incomeBeforeTax": "296900000", "incomeTaxExpense": "95900000", "interestAndDebtExpense": "None", "netIncomeFromContinuingOperations": "0", "comprehensiveIncomeNetOfTax": "None", "ebit": "419900000", "ebitda": "676000000", "netIncome": "155000000"}, {"fiscalDateEnding": "2010-12-31", "reportedCurrency": "USD", "grossProfit": "-252100000", "totalRevenue": "1953900000", "costOfRevenue": "2206000000", "costofGoodsAndServicesSold": "2206000000", "operatingIncome": "449800000", "sellingGeneralAndAdministrative": "373000000", "researchAndDevelopment": "0", "operatingExpenses": "-701900000", "investmentIncomeNet": "None", "netInterestIncome": "None", "interestIncome": "None", "interestExpense": "169000000", "nonInterestIncome": "None", "otherNonOperatingIncome": "None", "depreciation": "None", "depreciationAndAmortization": "265100000", "incomeBeforeTax": "363600000", "incomeTaxExpense": "196700000", "interestAndDebtExpense": "None", "netIncomeFromContinuingOperations": "0", "comprehensiveIncomeNetOfTax": "None", "ebit": "305300000", "ebitda": "570400000", "netIncome": "63000000"}, {"fiscalDateEnding": "2010-09-30", "reportedCurrency": "USD", "grossProfit": "793300000", "totalRevenue": "2088200000", "costOfRevenue": "1294900000", "costofGoodsAndServicesSold": "1294900000", "operatingIncome": "181100000", "sellingGeneralAndAdministrative": "0", "researchAndDevelopment": "0", "operatingExpenses": "611800000", "investmentIncomeNet": "None", "netInterestIncome": "None", "interestIncome": "None", "interestExpense": "173900000", "nonInterestIncome": "None", "otherNonOperatingIncome": "None", "depreciation": "None", "depreciationAndAmortization": "261700000", "incomeBeforeTax": "73400000", "incomeTaxExpense": "20600000", "interestAndDebtExpense": "None", "netIncomeFromContinuingOperations": "0", "comprehensiveIncomeNetOfTax": "None", "ebit": "247300000", "ebitda": "509000000", "netIncome": "10600000"}, {"fiscalDateEnding": "2010-06-30", "reportedCurrency": "USD", "grossProfit": "823800000", "totalRevenue": "1990900000", "costOfRevenue": "1167100000", "costofGoodsAndServicesSold": "1167100000", "operatingIncome": "405400000", "sellingGeneralAndAdministrative": "0", "researchAndDevelopment": "0", "operatingExpenses": "415300000", "investmentIncomeNet": "None", "netInterestIncome": "None", "interestIncome": "None", "interestExpense": "163700000", "nonInterestIncome": "None", "otherNonOperatingIncome": "None", "depreciation": "None", "depreciationAndAmortization": "269700000", "incomeBeforeTax": "306100000", "incomeTaxExpense": "45800000", "interestAndDebtExpense": "None", "netIncomeFromContinuingOperations": "0", "comprehensiveIncomeNetOfTax": "None", "ebit": "469800000", "ebitda": "739500000", "netIncome": "46000000"}, {"fiscalDateEnding": "2010-03-31", "reportedCurrency": "USD", "grossProfit": "686500000", "totalRevenue": "2157600000", "costOfRevenue": "1471100000", "costofGoodsAndServicesSold": "1471100000", "operatingIncome": "244400000", "sellingGeneralAndAdministrative": "0", "researchAndDevelopment": "0", "operatingExpenses": "443400000", "investmentIncomeNet": "None", "netInterestIncome": "None", "interestIncome": "None", "interestExpense": "156200000", "nonInterestIncome": "None", "otherNonOperatingIncome": "None", "depreciation": "None", "depreciationAndAmortization": "282300000", "incomeBeforeTax": "-275200000", "incomeTaxExpense": "-95500000", "interestAndDebtExpense": "None", "netIncomeFromContinuingOperations": "0", "comprehensiveIncomeNetOfTax": "None", "ebit": "-119000000", "ebitda": "163300000", "netIncome": "-160900000"}, {"fiscalDateEnding": "2009-12-31", "reportedCurrency": "USD", "grossProfit": "1122500000", "totalRevenue": "1950700000", "costOfRevenue": "828200000", "costofGoodsAndServicesSold": "828200000", "operatingIncome": "359400000", "sellingGeneralAndAdministrative": "0", "researchAndDevelopment": "0", "operatingExpenses": "763100000", "investmentIncomeNet": "None", "netInterestIncome": "None", "interestIncome": "None", "interestExpense": "152000000", "nonInterestIncome": "None", "otherNonOperatingIncome": "None", "depreciation": "None", "depreciationAndAmortization": "293100000", "incomeBeforeTax": "269200000", "incomeTaxExpense": "79400000", "interestAndDebtExpense": "None", "netIncomeFromContinuingOperations": "0", "comprehensiveIncomeNetOfTax": "None", "ebit": "359400000", "ebitda": "652500000", "netIncome": "127100000"}, {"fiscalDateEnding": "2009-09-30", "reportedCurrency": "USD", "grossProfit": "0", "totalRevenue": "1712300000", "costOfRevenue": "1065600000", "costofGoodsAndServicesSold": "1065600000", "operatingIncome": "391200000", "sellingGeneralAndAdministrative": "0", "researchAndDevelopment": "0", "operatingExpenses": "0", "investmentIncomeNet": "None", "netInterestIncome": "None", "interestIncome": "None", "interestExpense": "140100000", "nonInterestIncome": "None", "otherNonOperatingIncome": "None", "depreciation": "None", "depreciationAndAmortization": "None", "incomeBeforeTax": "329100000", "incomeTaxExpense": "99600000", "interestAndDebtExpense": "None", "netIncomeFromContinuingOperations": "0", "comprehensiveIncomeNetOfTax": "None", "ebit": "0", "ebitda": "None", "netIncome": "122800000"}, {"fiscalDateEnding": "2009-06-30", "reportedCurrency": "USD", "grossProfit": "0", "totalRevenue": "1693300000", "costOfRevenue": "1089800000", "costofGoodsAndServicesSold": "1089800000", "operatingIncome": "346700000", "sellingGeneralAndAdministrative": "0", "researchAndDevelopment": "0", "operatingExpenses": "0", "investmentIncomeNet": "None", "netInterestIncome": "None", "interestIncome": "None", "interestExpense": "139300000", "nonInterestIncome": "None", "otherNonOperatingIncome": "None", "depreciation": "None", "depreciationAndAmortization": "None", "incomeBeforeTax": "275400000", "incomeTaxExpense": "67000000", "interestAndDebtExpense": "None", "netIncomeFromContinuingOperations": "0", "comprehensiveIncomeNetOfTax": "None", "ebit": "0", "ebitda": "None", "netIncome": "129800000"}, {"fiscalDateEnding": "2009-03-31", "reportedCurrency": "USD", "grossProfit": "0", "totalRevenue": "1828900000", "costOfRevenue": "1254200000", "costofGoodsAndServicesSold": "1254200000", "operatingIncome": "309900000", "sellingGeneralAndAdministrative": "0", "researchAndDevelopment": "0", "operatingExpenses": "0", "investmentIncomeNet": "None", "netInterestIncome": "None", "interestIncome": "None", "interestExpense": "142000000", "nonInterestIncome": "None", "otherNonOperatingIncome": "None", "depreciation": "None", "depreciationAndAmortization": "None", "incomeBeforeTax": "225700000", "incomeTaxExpense": "80600000", "interestAndDebtExpense": "None", "netIncomeFromContinuingOperations": "0", "comprehensiveIncomeNetOfTax": "None", "ebit": "0", "ebitda": "None", "netIncome": "115300000"}, {"fiscalDateEnding": "2008-12-31", "reportedCurrency": "USD", "grossProfit": "2479600000", "totalRevenue": "2342700000", "costOfRevenue": "1783800000", "costofGoodsAndServicesSold": "1783800000", "operatingIncome": "291500000", "sellingGeneralAndAdministrative": "0", "researchAndDevelopment": "0", "operatingExpenses": "0", "investmentIncomeNet": "None", "netInterestIncome": "None", "interestIncome": "None", "interestExpense": "159000000", "nonInterestIncome": "None", "otherNonOperatingIncome": "None", "depreciation": "None", "depreciationAndAmortization": "None", "incomeBeforeTax": "193800000", "incomeTaxExpense": "109900000", "interestAndDebtExpense": "None", "netIncomeFromContinuingOperations": "0", "comprehensiveIncomeNetOfTax": "None", "ebit": "0", "ebitda": "None", "netIncome": "46900000"}, {"fiscalDateEnding": "2008-09-30", "reportedCurrency": "USD", "grossProfit": "0", "totalRevenue": "3296600000", "costOfRevenue": "2681100000", "costofGoodsAndServicesSold": "2681100000", "operatingIncome": "398300000", "sellingGeneralAndAdministrative": "0", "researchAndDevelopment": "0", "operatingExpenses": "0", "investmentIncomeNet": "None", "netInterestIncome": "None", "interestIncome": "None", "interestExpense": "153000000", "nonInterestIncome": "None", "otherNonOperatingIncome": "None", "depreciation": "None", "depreciationAndAmortization": "None", "incomeBeforeTax": "303600000", "incomeTaxExpense": "87900000", "interestAndDebtExpense": "None", "netIncomeFromContinuingOperations": "0", "comprehensiveIncomeNetOfTax": "None", "ebit": "0", "ebitda": "None", "netIncome": "108700000"}, {"fiscalDateEnding": "2008-06-30", "reportedCurrency": "USD", "grossProfit": "0", "totalRevenue": "3560500000", "costOfRevenue": "2949600000", "costofGoodsAndServicesSold": "2949600000", "operatingIncome": "395200000", "sellingGeneralAndAdministrative": "0", "researchAndDevelopment": "0", "operatingExpenses": "0", "investmentIncomeNet": "None", "netInterestIncome": "None", "interestIncome": "None", "interestExpense": "146300000", "nonInterestIncome": "None", "otherNonOperatingIncome": "None", "depreciation": "None", "depreciationAndAmortization": "None", "incomeBeforeTax": "-319100000", "incomeTaxExpense": "19400000", "interestAndDebtExpense": "None", "netIncomeFromContinuingOperations": "0", "comprehensiveIncomeNetOfTax": "None", "ebit": "0", "ebitda": "None", "netIncome": "-105700000"}, {"fiscalDateEnding": "2008-03-31", "reportedCurrency": "USD", "grossProfit": "0", "totalRevenue": "2895000000", "costOfRevenue": "2200700000", "costofGoodsAndServicesSold": "2200700000", "operatingIncome": "476200000", "sellingGeneralAndAdministrative": "0", "researchAndDevelopment": "0", "operatingExpenses": "0", "investmentIncomeNet": "None", "netInterestIncome": "None", "interestIncome": "None", "interestExpense": "195700000", "nonInterestIncome": "None", "otherNonOperatingIncome": "None", "depreciation": "None", "depreciationAndAmortization": "None", "incomeBeforeTax": "319100000", "incomeTaxExpense": "87100000", "interestAndDebtExpense": "None", "netIncomeFromContinuingOperations": "0", "comprehensiveIncomeNetOfTax": "None", "ebit": "0", "ebitda": "None", "netIncome": "105700000"}, {"fiscalDateEnding": "2007-12-31", "reportedCurrency": "USD", "grossProfit": "2358000000", "totalRevenue": "2848800000", "costOfRevenue": "2212200000", "costofGoodsAndServicesSold": "2212200000", "operatingIncome": "440600000", "sellingGeneralAndAdministrative": "0", "researchAndDevelopment": "0", "operatingExpenses": "0", "investmentIncomeNet": "None", "netInterestIncome": "None", "interestIncome": "None", "interestExpense": "261800000", "nonInterestIncome": "None", "otherNonOperatingIncome": "None", "depreciation": "None", "depreciationAndAmortization": "None", "incomeBeforeTax": "212700000", "incomeTaxExpense": "131500000", "interestAndDebtExpense": "None", "netIncomeFromContinuingOperations": "0", "comprehensiveIncomeNetOfTax": "None", "ebit": "0", "ebitda": "None", "netIncome": "131100000"}, {"fiscalDateEnding": "2007-09-30", "reportedCurrency": "USD", "grossProfit": "0", "totalRevenue": "2609000000", "costOfRevenue": "1961900000", "costofGoodsAndServicesSold": "1961900000", "operatingIncome": "443000000", "sellingGeneralAndAdministrative": "0", "researchAndDevelopment": "0", "operatingExpenses": "0", "investmentIncomeNet": "None", "netInterestIncome": "None", "interestIncome": "None", "interestExpense": "269700000", "nonInterestIncome": "None", "otherNonOperatingIncome": "None", "depreciation": "None", "depreciationAndAmortization": "None", "incomeBeforeTax": "217100000", "incomeTaxExpense": "74600000", "interestAndDebtExpense": "None", "netIncomeFromContinuingOperations": "0", "comprehensiveIncomeNetOfTax": "None", "ebit": "0", "ebitda": "None", "netIncome": "85700000"}, {"fiscalDateEnding": "2007-06-30", "reportedCurrency": "USD", "grossProfit": "0", "totalRevenue": "2657600000", "costOfRevenue": "2137300000", "costofGoodsAndServicesSold": "2137300000", "operatingIncome": "340100000", "sellingGeneralAndAdministrative": "0", "researchAndDevelopment": "0", "operatingExpenses": "0", "investmentIncomeNet": "None", "netInterestIncome": "None", "interestIncome": "None", "interestExpense": "195200000", "nonInterestIncome": "None", "otherNonOperatingIncome": "None", "depreciation": "None", "depreciationAndAmortization": "None", "incomeBeforeTax": "176900000", "incomeTaxExpense": "69100000", "interestAndDebtExpense": "None", "netIncomeFromContinuingOperations": "0", "comprehensiveIncomeNetOfTax": "None", "ebit": "0", "ebitda": "None", "netIncome": "108500000"}, {"fiscalDateEnding": "2007-03-31", "reportedCurrency": "USD", "grossProfit": "0", "totalRevenue": "2444400000", "costOfRevenue": "1890400000", "costofGoodsAndServicesSold": "1890400000", "operatingIncome": "401000000", "sellingGeneralAndAdministrative": "0", "researchAndDevelopment": "0", "operatingExpenses": "0", "investmentIncomeNet": "None", "netInterestIncome": "None", "interestIncome": "None", "interestExpense": "155500000", "nonInterestIncome": "None", "otherNonOperatingIncome": "None", "depreciation": "None", "depreciationAndAmortization": "None", "incomeBeforeTax": "0", "incomeTaxExpense": "87700000", "interestAndDebtExpense": "None", "netIncomeFromContinuingOperations": "0", "comprehensiveIncomeNetOfTax": "None", "ebit": "0", "ebitda": "None", "netIncome": "0"}, {"fiscalDateEnding": "2006-12-31", "reportedCurrency": "USD", "grossProfit": "2683100000", "totalRevenue": "2447000000", "costOfRevenue": "1833100000", "costofGoodsAndServicesSold": "1833100000", "operatingIncome": "467300000", "sellingGeneralAndAdministrative": "0", "researchAndDevelopment": "0", "operatingExpenses": "0", "investmentIncomeNet": "None", "netInterestIncome": "None", "interestIncome": "None", "interestExpense": "154000000", "nonInterestIncome": "None", "otherNonOperatingIncome": "None", "depreciation": "None", "depreciationAndAmortization": "None", "incomeBeforeTax": "346700000", "incomeTaxExpense": "69000000", "interestAndDebtExpense": "None", "netIncomeFromContinuingOperations": "0", "comprehensiveIncomeNetOfTax": "None", "ebit": "0", "ebitda": "None", "netIncome": "-72300000"}, {"fiscalDateEnding": "2006-09-30", "reportedCurrency": "USD", "grossProfit": "0", "totalRevenue": "2606900000", "costOfRevenue": "2042500000", "costofGoodsAndServicesSold": "2042500000", "operatingIncome": "428200000", "sellingGeneralAndAdministrative": "0", "researchAndDevelopment": "0", "operatingExpenses": "0", "investmentIncomeNet": "None", "netInterestIncome": "None", "interestIncome": "None", "interestExpense": "155500000", "nonInterestIncome": "None", "otherNonOperatingIncome": "None", "depreciation": "None", "depreciationAndAmortization": "None", "incomeBeforeTax": "300900000", "incomeTaxExpense": "73500000", "interestAndDebtExpense": "None", "netIncomeFromContinuingOperations": "0", "comprehensiveIncomeNetOfTax": "None", "ebit": "0", "ebitda": "None", "netIncome": "144200000"}, {"fiscalDateEnding": "2006-06-30", "reportedCurrency": "USD", "grossProfit": "0", "totalRevenue": "2468900000", "costOfRevenue": "1923500000", "costofGoodsAndServicesSold": "1923500000", "operatingIncome": "421200000", "sellingGeneralAndAdministrative": "0", "researchAndDevelopment": "0", "operatingExpenses": "0", "investmentIncomeNet": "None", "netInterestIncome": "None", "interestIncome": "None", "interestExpense": "153800000", "nonInterestIncome": "None", "otherNonOperatingIncome": "None", "depreciation": "None", "depreciationAndAmortization": "None", "incomeBeforeTax": "306800000", "incomeTaxExpense": "64300000", "interestAndDebtExpense": "None", "netIncomeFromContinuingOperations": "0", "comprehensiveIncomeNetOfTax": "None", "ebit": "0", "ebitda": "None", "netIncome": "157200000"}, {"fiscalDateEnding": "2006-03-31", "reportedCurrency": "USD", "grossProfit": "0", "totalRevenue": "2685800000", "costOfRevenue": "2132900000", "costofGoodsAndServicesSold": "2132900000", "operatingIncome": "428500000", "sellingGeneralAndAdministrative": "0", "researchAndDevelopment": "0", "operatingExpenses": "0", "investmentIncomeNet": "None", "netInterestIncome": "None", "interestIncome": "None", "interestExpense": "140900000", "nonInterestIncome": "None", "otherNonOperatingIncome": "None", "depreciation": "None", "depreciationAndAmortization": "None", "incomeBeforeTax": "306100000", "incomeTaxExpense": "79100000", "interestAndDebtExpense": "None", "netIncomeFromContinuingOperations": "0", "comprehensiveIncomeNetOfTax": "None", "ebit": "0", "ebitda": "None", "netIncome": "193700000"}, {"fiscalDateEnding": "2005-12-31", "reportedCurrency": "USD", "grossProfit": "603913000", "totalRevenue": "558000000", "costOfRevenue": "366600000", "costofGoodsAndServicesSold": "366600000", "operatingIncome": "154500000", "sellingGeneralAndAdministrative": "0", "researchAndDevelopment": "0", "operatingExpenses": "0", "investmentIncomeNet": "None", "netInterestIncome": "None", "interestIncome": "None", "interestExpense": "67000000", "nonInterestIncome": "None", "otherNonOperatingIncome": "None", "depreciation": "None", "depreciationAndAmortization": "None", "incomeBeforeTax": "258500000", "incomeTaxExpense": "96200000", "interestAndDebtExpense": "None", "netIncomeFromContinuingOperations": "0", "comprehensiveIncomeNetOfTax": "None", "ebit": "0", "ebitda": "None", "netIncome": "180200000"}, {"fiscalDateEnding": "2005-09-30", "reportedCurrency": "USD", "grossProfit": "0", "totalRevenue": "246700000", "costOfRevenue": "137900000", "costofGoodsAndServicesSold": "137900000", "operatingIncome": "82800000", "sellingGeneralAndAdministrative": "0", "researchAndDevelopment": "0", "operatingExpenses": "0", "investmentIncomeNet": "None", "netInterestIncome": "None", "interestIncome": "None", "interestExpense": "42700000", "nonInterestIncome": "None", "otherNonOperatingIncome": "None", "depreciation": "None", "depreciationAndAmortization": "None", "incomeBeforeTax": "213700000", "incomeTaxExpense": "77200000", "interestAndDebtExpense": "None", "netIncomeFromContinuingOperations": "0", "comprehensiveIncomeNetOfTax": "None", "ebit": "0", "ebitda": "None", "netIncome": "109100000"}, {"fiscalDateEnding": "2005-06-30", "reportedCurrency": "USD", "grossProfit": "0", "totalRevenue": "112900000", "costOfRevenue": "34800000", "costofGoodsAndServicesSold": "34800000", "operatingIncome": "57000000", "sellingGeneralAndAdministrative": "0", "researchAndDevelopment": "0", "operatingExpenses": "0", "investmentIncomeNet": "None", "netInterestIncome": "None", "interestIncome": "None", "interestExpense": "38900000", "nonInterestIncome": "None", "otherNonOperatingIncome": "None", "depreciation": "None", "depreciationAndAmortization": "None", "incomeBeforeTax": "201900000", "incomeTaxExpense": "77200000", "interestAndDebtExpense": "None", "netIncomeFromContinuingOperations": "0", "comprehensiveIncomeNetOfTax": "None", "ebit": "0", "ebitda": "None", "netIncome": "122000000"}, {"fiscalDateEnding": "2005-03-31", "reportedCurrency": "USD", "grossProfit": "0", "totalRevenue": "336900000", "costOfRevenue": "177900000", "costofGoodsAndServicesSold": "177900000", "operatingIncome": "129600000", "sellingGeneralAndAdministrative": "0", "researchAndDevelopment": "0", "operatingExpenses": "0", "investmentIncomeNet": "None", "netInterestIncome": "None", "interestIncome": "None", "interestExpense": "41500000", "nonInterestIncome": "None", "otherNonOperatingIncome": "None", "depreciation": "None", "depreciationAndAmortization": "None", "incomeBeforeTax": "251700000", "incomeTaxExpense": "94900000", "interestAndDebtExpense": "None", "netIncomeFromContinuingOperations": "0", "comprehensiveIncomeNetOfTax": "None", "ebit": "0", "ebitda": "None", "netIncome": "143300000"}]}