{"symbol": "HSY", "annualReports": [{"fiscalDateEnding": "2024-12-31", "reportedCurrency": "USD", "grossProfit": "5300888000", "totalRevenue": "11202263000", "costOfRevenue": "5901375000", "costofGoodsAndServicesSold": "5901375000", "operatingIncome": "2898232000", "sellingGeneralAndAdministrative": "2373621000", "researchAndDevelopment": "None", "operatingExpenses": "2402656000", "investmentIncomeNet": "None", "netInterestIncome": "-165655000", "interestIncome": "8662000", "interestExpense": "165655000", "nonInterestIncome": "None", "otherNonOperatingIncome": "None", "depreciation": "None", "depreciationAndAmortization": "455255000", "incomeBeforeTax": "2473936000", "incomeTaxExpense": "252697000", "interestAndDebtExpense": "None", "netIncomeFromContinuingOperations": "2221239000", "comprehensiveIncomeNetOfTax": "None", "ebit": "2648253000", "ebitda": "3103508000", "netIncome": "2221239000"}, {"fiscalDateEnding": "2023-12-31", "reportedCurrency": "USD", "grossProfit": "4998343000", "totalRevenue": "11164992000", "costOfRevenue": "6166649000", "costofGoodsAndServicesSold": "6166649000", "operatingIncome": "2560867000", "sellingGeneralAndAdministrative": "1811243000", "researchAndDevelopment": "50030000", "operatingExpenses": "2438116000", "investmentIncomeNet": "None", "netInterestIncome": "-151785000", "interestIncome": "9726000", "interestExpense": "161511000", "nonInterestIncome": "None", "otherNonOperatingIncome": "None", "depreciation": "None", "depreciationAndAmortization": "419815000", "incomeBeforeTax": "2171864000", "incomeTaxExpense": "310077000", "interestAndDebtExpense": "None", "netIncomeFromContinuingOperations": "1861787000", "comprehensiveIncomeNetOfTax": "None", "ebit": "2333375000", "ebitda": "2753190000", "netIncome": "1861787000"}, {"fiscalDateEnding": "2022-12-31", "reportedCurrency": "USD", "grossProfit": "4498785000", "totalRevenue": "10419294000", "costOfRevenue": "5920509000", "costofGoodsAndServicesSold": "5920509000", "operatingIncome": "1677658000", "sellingGeneralAndAdministrative": "2254475000", "researchAndDevelopment": "46943000", "operatingExpenses": "2236009000", "investmentIncomeNet": "None", "netInterestIncome": "-137557000", "interestIncome": "137557000", "interestExpense": "137557000", "nonInterestIncome": "None", "otherNonOperatingIncome": "-206159000", "depreciation": "None", "depreciationAndAmortization": "333272000", "incomeBeforeTax": "1917071000", "incomeTaxExpense": "272254000", "interestAndDebtExpense": "None", "netIncomeFromContinuingOperations": "1644817000", "comprehensiveIncomeNetOfTax": "None", "ebit": "2046330000", "ebitda": "2379602000", "netIncome": "1644817000"}, {"fiscalDateEnding": "2021-12-31", "reportedCurrency": "USD", "grossProfit": "4048598000", "totalRevenue": "8971337000", "costOfRevenue": "4922739000", "costofGoodsAndServicesSold": "4922739000", "operatingIncome": "1613164000", "sellingGeneralAndAdministrative": "2006528000", "researchAndDevelopment": "40107000", "operatingExpenses": "2001351000", "investmentIncomeNet": "None", "netInterestIncome": "-127417000", "interestIncome": "127417000", "interestExpense": "127417000", "nonInterestIncome": "None", "otherNonOperatingIncome": "-119081000", "depreciation": "None", "depreciationAndAmortization": "282762000", "incomeBeforeTax": "1797224000", "incomeTaxExpense": "314405000", "interestAndDebtExpense": "None", "netIncomeFromContinuingOperations": "1482819000", "comprehensiveIncomeNetOfTax": "None", "ebit": "1916098000", "ebitda": "2198860000", "netIncome": "1477512000"}, {"fiscalDateEnding": "2020-12-31", "reportedCurrency": "USD", "grossProfit": "3701269000", "totalRevenue": "8149719000", "costOfRevenue": "4448450000", "costofGoodsAndServicesSold": "4448450000", "operatingIncome": "1377110000", "sellingGeneralAndAdministrative": "1373989000", "researchAndDevelopment": "37577000", "operatingExpenses": "1890925000", "investmentIncomeNet": "None", "netInterestIncome": "-149374000", "interestIncome": "149374000", "interestExpense": "149374000", "nonInterestIncome": "None", "otherNonOperatingIncome": "-138327000", "depreciation": "None", "depreciationAndAmortization": "265493000", "incomeBeforeTax": "1494997000", "incomeTaxExpense": "219584000", "interestAndDebtExpense": "None", "netIncomeFromContinuingOperations": "1275413000", "comprehensiveIncomeNetOfTax": "None", "ebit": "1638879000", "ebitda": "1904372000", "netIncome": "1278708000"}, {"fiscalDateEnding": "2019-12-31", "reportedCurrency": "USD", "grossProfit": "3622478000", "totalRevenue": "7986252000", "costOfRevenue": "4363774000", "costofGoodsAndServicesSold": "4363774000", "operatingIncome": "1595952000", "sellingGeneralAndAdministrative": "1392627000", "researchAndDevelopment": "37146000", "operatingExpenses": "1905929000", "investmentIncomeNet": "None", "netInterestIncome": "-144125000", "interestIncome": "7997000", "interestExpense": "144125000", "nonInterestIncome": "None", "otherNonOperatingIncome": "-71043000", "depreciation": "None", "depreciationAndAmortization": "264786000", "incomeBeforeTax": "1380784000", "incomeTaxExpense": "234032000", "interestAndDebtExpense": "None", "netIncomeFromContinuingOperations": "1146752000", "comprehensiveIncomeNetOfTax": "None", "ebit": "1523563000", "ebitda": "1788349000", "netIncome": "1149692000"}, {"fiscalDateEnding": "2018-12-31", "reportedCurrency": "USD", "grossProfit": "3575325000", "totalRevenue": "7791069000", "costOfRevenue": "4215744000", "costofGoodsAndServicesSold": "4215744000", "operatingIncome": "1623664000", "sellingGeneralAndAdministrative": "1394921000", "researchAndDevelopment": "38521000", "operatingExpenses": "1874829000", "investmentIncomeNet": "None", "netInterestIncome": "-138837000", "interestIncome": "8021000", "interestExpense": "138837000", "nonInterestIncome": "None", "otherNonOperatingIncome": "-74766000", "depreciation": "None", "depreciationAndAmortization": "269567000", "incomeBeforeTax": "1410061000", "incomeTaxExpense": "239010000", "interestAndDebtExpense": "None", "netIncomeFromContinuingOperations": "1171051000", "comprehensiveIncomeNetOfTax": "None", "ebit": "1547440000", "ebitda": "1817007000", "netIncome": "1177562000"}, {"fiscalDateEnding": "2017-12-31", "reportedCurrency": "USD", "grossProfit": "3455376000", "totalRevenue": "7515426000", "costOfRevenue": "4060050000", "costofGoodsAndServicesSold": "4060050000", "operatingIncome": "1313409000", "sellingGeneralAndAdministrative": "1344199000", "researchAndDevelopment": "45850000", "operatingExpenses": "1885492000", "investmentIncomeNet": "None", "netInterestIncome": "-98282000", "interestIncome": "1784000", "interestExpense": "100066000", "nonInterestIncome": "None", "otherNonOperatingIncome": "-65691000", "depreciation": "None", "depreciationAndAmortization": "234968000", "incomeBeforeTax": "1110668000", "incomeTaxExpense": "354131000", "interestAndDebtExpense": "None", "netIncomeFromContinuingOperations": "756537000", "comprehensiveIncomeNetOfTax": "None", "ebit": "1201254000", "ebitda": "1436222000", "netIncome": "782981000"}, {"fiscalDateEnding": "2016-12-31", "reportedCurrency": "USD", "grossProfit": "3157891000", "totalRevenue": "7440181000", "costOfRevenue": "4282290000", "costofGoodsAndServicesSold": "4282290000", "operatingIncome": "1205783000", "sellingGeneralAndAdministrative": "1393899000", "researchAndDevelopment": "47268000", "operatingExpenses": "1915378000", "investmentIncomeNet": "None", "netInterestIncome": "-90143000", "interestIncome": "1805000", "interestExpense": "90143000", "nonInterestIncome": "None", "otherNonOperatingIncome": "-16159000", "depreciation": "None", "depreciationAndAmortization": "301837000", "incomeBeforeTax": "1099481000", "incomeTaxExpense": "379437000", "interestAndDebtExpense": "None", "netIncomeFromContinuingOperations": "720044000", "comprehensiveIncomeNetOfTax": "None", "ebit": "1182753000", "ebitda": "1484590000", "netIncome": "720044000"}, {"fiscalDateEnding": "2015-12-31", "reportedCurrency": "USD", "grossProfit": "3382675000", "totalRevenue": "7386626000", "costOfRevenue": "4003951000", "costofGoodsAndServicesSold": "4003951000", "operatingIncome": "1037759000", "sellingGeneralAndAdministrative": "1407664000", "researchAndDevelopment": "49281000", "operatingExpenses": "1969308000", "investmentIncomeNet": "None", "netInterestIncome": "None", "interestIncome": "77447000", "interestExpense": "105773000", "nonInterestIncome": "None", "otherNonOperatingIncome": "-30139000", "depreciation": "None", "depreciationAndAmortization": "244928000", "incomeBeforeTax": "901847000", "incomeTaxExpense": "388896000", "interestAndDebtExpense": "None", "netIncomeFromContinuingOperations": "512951000", "comprehensiveIncomeNetOfTax": "None", "ebit": "977908000", "ebitda": "1222836000", "netIncome": "512951000"}, {"fiscalDateEnding": "2014-12-31", "reportedCurrency": "USD", "grossProfit": "3336166000", "totalRevenue": "7421768000", "costOfRevenue": "4085602000", "costofGoodsAndServicesSold": "4085602000", "operatingIncome": "1435196000", "sellingGeneralAndAdministrative": "1900970000", "researchAndDevelopment": "47554000", "operatingExpenses": "1900970000", "investmentIncomeNet": "None", "netInterestIncome": "None", "interestIncome": "None", "interestExpense": "83532000", "nonInterestIncome": "None", "otherNonOperatingIncome": "None", "depreciation": "None", "depreciationAndAmortization": "211532000", "incomeBeforeTax": "1306043000", "incomeTaxExpense": "459131000", "interestAndDebtExpense": "None", "netIncomeFromContinuingOperations": "846912000", "comprehensiveIncomeNetOfTax": "None", "ebit": "1435196000", "ebitda": "1646728000", "netIncome": "846912000"}, {"fiscalDateEnding": "2013-12-31", "reportedCurrency": "USD", "grossProfit": "3280848000", "totalRevenue": "7146079000", "costOfRevenue": "3865231000", "costofGoodsAndServicesSold": "3865231000", "operatingIncome": "1358340000", "sellingGeneralAndAdministrative": "1922508000", "researchAndDevelopment": "47600000", "operatingExpenses": "1922508000", "investmentIncomeNet": "None", "netInterestIncome": "None", "interestIncome": "None", "interestExpense": "88356000", "nonInterestIncome": "None", "otherNonOperatingIncome": "None", "depreciation": "None", "depreciationAndAmortization": "201033000", "incomeBeforeTax": "1251319000", "incomeTaxExpense": "430849000", "interestAndDebtExpense": "None", "netIncomeFromContinuingOperations": "820470000", "comprehensiveIncomeNetOfTax": "None", "ebit": "1358340000", "ebitda": "1559373000", "netIncome": "820470000"}, {"fiscalDateEnding": "2012-12-31", "reportedCurrency": "USD", "grossProfit": "2859882000", "totalRevenue": "6644252000", "costOfRevenue": "3784370000", "costofGoodsAndServicesSold": "3784370000", "operatingIncome": "1156086000", "sellingGeneralAndAdministrative": "1703796000", "researchAndDevelopment": "39000000", "operatingExpenses": "1703796000", "investmentIncomeNet": "None", "netInterestIncome": "None", "interestIncome": "None", "interestExpense": "95569000", "nonInterestIncome": "None", "otherNonOperatingIncome": "None", "depreciation": "None", "depreciationAndAmortization": "210037000", "incomeBeforeTax": "1015579000", "incomeTaxExpense": "354648000", "interestAndDebtExpense": "None", "netIncomeFromContinuingOperations": "660931000", "comprehensiveIncomeNetOfTax": "None", "ebit": "1156086000", "ebitda": "1366123000", "netIncome": "660931000"}, {"fiscalDateEnding": "2011-12-31", "reportedCurrency": "USD", "grossProfit": "2531892000", "totalRevenue": "6080788000", "costOfRevenue": "3548896000", "costofGoodsAndServicesSold": "3548896000", "operatingIncome": "1055028000", "sellingGeneralAndAdministrative": "1477750000", "researchAndDevelopment": "32200000", "operatingExpenses": "1477750000", "investmentIncomeNet": "None", "netInterestIncome": "None", "interestIncome": "None", "interestExpense": "92183000", "nonInterestIncome": "None", "otherNonOperatingIncome": "None", "depreciation": "None", "depreciationAndAmortization": "215763000", "incomeBeforeTax": "962845000", "incomeTaxExpense": "333883000", "interestAndDebtExpense": "None", "netIncomeFromContinuingOperations": "962845000", "comprehensiveIncomeNetOfTax": "None", "ebit": "1058888000", "ebitda": "1274651000", "netIncome": "628962000"}, {"fiscalDateEnding": "2010-12-31", "reportedCurrency": "USD", "grossProfit": "2415208000", "totalRevenue": "5671009000", "costOfRevenue": "3255801000", "costofGoodsAndServicesSold": "3255801000", "operatingIncome": "905298000", "sellingGeneralAndAdministrative": "1426477000", "researchAndDevelopment": "30500000", "operatingExpenses": "1426477000", "investmentIncomeNet": "None", "netInterestIncome": "None", "interestIncome": "None", "interestExpense": "96434000", "nonInterestIncome": "None", "otherNonOperatingIncome": "None", "depreciation": "None", "depreciationAndAmortization": "197116000", "incomeBeforeTax": "808864000", "incomeTaxExpense": "299065000", "interestAndDebtExpense": "None", "netIncomeFromContinuingOperations": "509799000", "comprehensiveIncomeNetOfTax": "None", "ebit": "906568000", "ebitda": "1103684000", "netIncome": "509799000"}, {"fiscalDateEnding": "2009-12-31", "reportedCurrency": "USD", "grossProfit": "2053137000", "totalRevenue": "5298668000", "costOfRevenue": "3245531000", "costofGoodsAndServicesSold": "3245531000", "operatingIncome": "761590000", "sellingGeneralAndAdministrative": "1208672000", "researchAndDevelopment": "28100000", "operatingExpenses": "1208672000", "investmentIncomeNet": "None", "netInterestIncome": "None", "interestIncome": "None", "interestExpense": "90459000", "nonInterestIncome": "None", "otherNonOperatingIncome": "None", "depreciation": "None", "depreciationAndAmortization": "182411000", "incomeBeforeTax": "671131000", "incomeTaxExpense": "235137000", "interestAndDebtExpense": "None", "netIncomeFromContinuingOperations": "435994000", "comprehensiveIncomeNetOfTax": "None", "ebit": "762467000", "ebitda": "944878000", "netIncome": "435994000"}, {"fiscalDateEnding": "2008-12-31", "reportedCurrency": "USD", "grossProfit": "1757718000", "totalRevenue": "5132768000", "costOfRevenue": "3375050000", "costofGoodsAndServicesSold": "3375050000", "operatingIncome": "589898000", "sellingGeneralAndAdministrative": "1073019000", "researchAndDevelopment": "28100000", "operatingExpenses": "1167820000", "investmentIncomeNet": "None", "netInterestIncome": "None", "interestIncome": "None", "interestExpense": "99678000", "nonInterestIncome": "None", "otherNonOperatingIncome": "None", "depreciation": "None", "depreciationAndAmortization": "249491000", "incomeBeforeTax": "492022000", "incomeTaxExpense": "180617000", "interestAndDebtExpense": "None", "netIncomeFromContinuingOperations": "None", "comprehensiveIncomeNetOfTax": "None", "ebit": "589898000", "ebitda": "839389000", "netIncome": "311405000"}, {"fiscalDateEnding": "2007-12-31", "reportedCurrency": "USD", "grossProfit": "1631569000", "totalRevenue": "4946716000", "costOfRevenue": "3315147000", "costofGoodsAndServicesSold": "3315147000", "operatingIncome": "458827000", "sellingGeneralAndAdministrative": "895874000", "researchAndDevelopment": "28000000", "operatingExpenses": "895874000", "investmentIncomeNet": "None", "netInterestIncome": "None", "interestIncome": "None", "interestExpense": "121066000", "nonInterestIncome": "None", "otherNonOperatingIncome": "None", "depreciation": "None", "depreciationAndAmortization": "310925000", "incomeBeforeTax": "340242000", "incomeTaxExpense": "126088000", "interestAndDebtExpense": "None", "netIncomeFromContinuingOperations": "None", "comprehensiveIncomeNetOfTax": "None", "ebit": "461308000", "ebitda": "772233000", "netIncome": "214154000"}, {"fiscalDateEnding": "2006-12-31", "reportedCurrency": "USD", "grossProfit": "1867512000", "totalRevenue": "4944230000", "costOfRevenue": "3076718000", "costofGoodsAndServicesSold": "3076718000", "operatingIncome": "992558000", "sellingGeneralAndAdministrative": "860378000", "researchAndDevelopment": "27600000", "operatingExpenses": "860378000", "investmentIncomeNet": "None", "netInterestIncome": "None", "interestIncome": "None", "interestExpense": "0", "nonInterestIncome": "None", "otherNonOperatingIncome": "None", "depreciation": "None", "depreciationAndAmortization": "199911000", "incomeBeforeTax": "876502000", "incomeTaxExpense": "317441000", "interestAndDebtExpense": "None", "netIncomeFromContinuingOperations": "None", "comprehensiveIncomeNetOfTax": "None", "ebit": "994240000", "ebitda": "1194151000", "netIncome": "559061000"}, {"fiscalDateEnding": "2005-12-31", "reportedCurrency": "USD", "grossProfit": "1870434000", "totalRevenue": "4835974000", "costOfRevenue": "2965540000", "costofGoodsAndServicesSold": "2965540000", "operatingIncome": "860911000", "sellingGeneralAndAdministrative": "912986000", "researchAndDevelopment": "22600000", "operatingExpenses": "912986000", "investmentIncomeNet": "None", "netInterestIncome": "None", "interestIncome": "None", "interestExpense": "0", "nonInterestIncome": "None", "otherNonOperatingIncome": "None", "depreciation": "None", "depreciationAndAmortization": "218032000", "incomeBeforeTax": "772926000", "incomeTaxExpense": "279682000", "interestAndDebtExpense": "None", "netIncomeFromContinuingOperations": "None", "comprehensiveIncomeNetOfTax": "None", "ebit": "855122000", "ebitda": "1073154000", "netIncome": "493244000"}], "quarterlyReports": [{"fiscalDateEnding": "2024-12-31", "reportedCurrency": "USD", "grossProfit": "1558343000", "totalRevenue": "2887540000", "costOfRevenue": "1329197000", "costofGoodsAndServicesSold": "1329197000", "operatingIncome": "939147000", "sellingGeneralAndAdministrative": "622733000", "researchAndDevelopment": "None", "operatingExpenses": "619196000", "investmentIncomeNet": "None", "netInterestIncome": "-40144000", "interestIncome": "1694000", "interestExpense": "41838000", "nonInterestIncome": "None", "otherNonOperatingIncome": "None", "depreciation": "None", "depreciationAndAmortization": "123815000", "incomeBeforeTax": "723057000", "incomeTaxExpense": "-73534000", "interestAndDebtExpense": "None", "netIncomeFromContinuingOperations": "796591000", "comprehensiveIncomeNetOfTax": "None", "ebit": "764895000", "ebitda": "888710000", "netIncome": "796591000"}, {"fiscalDateEnding": "2024-09-30", "reportedCurrency": "USD", "grossProfit": "1232719000", "totalRevenue": "2987494000", "costOfRevenue": "1754775000", "costofGoodsAndServicesSold": "1754775000", "operatingIncome": "613164000", "sellingGeneralAndAdministrative": "591920000", "researchAndDevelopment": "None", "operatingExpenses": "619555000", "investmentIncomeNet": "None", "netInterestIncome": "-44316000", "interestIncome": "2247000", "interestExpense": "44316000", "nonInterestIncome": "None", "otherNonOperatingIncome": "None", "depreciation": "None", "depreciationAndAmortization": "113255000", "incomeBeforeTax": "518747000", "incomeTaxExpense": "72446000", "interestAndDebtExpense": "None", "netIncomeFromContinuingOperations": "446301000", "comprehensiveIncomeNetOfTax": "None", "ebit": "565310000", "ebitda": "678565000", "netIncome": "446301000"}, {"fiscalDateEnding": "2024-06-30", "reportedCurrency": "USD", "grossProfit": "880144000", "totalRevenue": "2074480000", "costOfRevenue": "1194336000", "costofGoodsAndServicesSold": "1194336000", "operatingIncome": "364739000", "sellingGeneralAndAdministrative": "541584000", "researchAndDevelopment": "None", "operatingExpenses": "515405000", "investmentIncomeNet": "None", "netInterestIncome": "-41373000", "interestIncome": "2935000", "interestExpense": "44308000", "nonInterestIncome": "None", "otherNonOperatingIncome": "None", "depreciation": "None", "depreciationAndAmortization": "110421000", "incomeBeforeTax": "245874000", "incomeTaxExpense": "64980000", "interestAndDebtExpense": "None", "netIncomeFromContinuingOperations": "180894000", "comprehensiveIncomeNetOfTax": "None", "ebit": "324832000", "ebitda": "435253000", "netIncome": "180894000"}, {"fiscalDateEnding": "2024-03-31", "reportedCurrency": "USD", "grossProfit": "1480929000", "totalRevenue": "3252749000", "costOfRevenue": "1771820000", "costofGoodsAndServicesSold": "1771820000", "operatingIncome": "875443000", "sellingGeneralAndAdministrative": "618619000", "researchAndDevelopment": "None", "operatingExpenses": "605486000", "investmentIncomeNet": "None", "netInterestIncome": "-39822000", "interestIncome": "1786000", "interestExpense": "41608000", "nonInterestIncome": "None", "otherNonOperatingIncome": "None", "depreciation": "None", "depreciationAndAmortization": "107764000", "incomeBeforeTax": "986258000", "incomeTaxExpense": "188805000", "interestAndDebtExpense": "None", "netIncomeFromContinuingOperations": "797453000", "comprehensiveIncomeNetOfTax": "None", "ebit": "1071679000", "ebitda": "1179443000", "netIncome": "797453000"}, {"fiscalDateEnding": "2023-12-31", "reportedCurrency": "USD", "grossProfit": "1176864000", "totalRevenue": "2657111000", "costOfRevenue": "1480247000", "costofGoodsAndServicesSold": "1480247000", "operatingIncome": "516302000", "sellingGeneralAndAdministrative": "670999000", "researchAndDevelopment": "50030000", "operatingExpenses": "660562000", "investmentIncomeNet": "None", "netInterestIncome": "-37684000", "interestIncome": "2372000", "interestExpense": "37684000", "nonInterestIncome": "None", "otherNonOperatingIncome": "None", "depreciation": "None", "depreciationAndAmortization": "116719000", "incomeBeforeTax": "319675000", "incomeTaxExpense": "-29367000", "interestAndDebtExpense": "None", "netIncomeFromContinuingOperations": "349042000", "comprehensiveIncomeNetOfTax": "None", "ebit": "450002000", "ebitda": "566721000", "netIncome": "349042000"}, {"fiscalDateEnding": "2023-09-30", "reportedCurrency": "USD", "grossProfit": "1360253000", "totalRevenue": "3029987000", "costOfRevenue": "1669734000", "costofGoodsAndServicesSold": "1669734000", "operatingIncome": "735949000", "sellingGeneralAndAdministrative": "629256000", "researchAndDevelopment": "None", "operatingExpenses": "624304000", "investmentIncomeNet": "None", "netInterestIncome": "-39755000", "interestIncome": "2089000", "interestExpense": "39755000", "nonInterestIncome": "None", "otherNonOperatingIncome": "None", "depreciation": "None", "depreciationAndAmortization": "103309000", "incomeBeforeTax": "653413000", "incomeTaxExpense": "134836000", "interestAndDebtExpense": "None", "netIncomeFromContinuingOperations": "518577000", "comprehensiveIncomeNetOfTax": "None", "ebit": "734181000", "ebitda": "837490000", "netIncome": "518577000"}, {"fiscalDateEnding": "2023-06-30", "reportedCurrency": "USD", "grossProfit": "1132099000", "totalRevenue": "2490280000", "costOfRevenue": "1358181000", "costofGoodsAndServicesSold": "1358181000", "operatingIncome": "560665000", "sellingGeneralAndAdministrative": "571804000", "researchAndDevelopment": "None", "operatingExpenses": "571804000", "investmentIncomeNet": "None", "netInterestIncome": "-36661000", "interestIncome": "36661000", "interestExpense": "36661000", "nonInterestIncome": "None", "otherNonOperatingIncome": "-84484000", "depreciation": "None", "depreciationAndAmortization": "101588000", "incomeBeforeTax": "439520000", "incomeTaxExpense": "32537000", "interestAndDebtExpense": "None", "netIncomeFromContinuingOperations": "406983000", "comprehensiveIncomeNetOfTax": "None", "ebit": "551376000", "ebitda": "652964000", "netIncome": "406983000"}, {"fiscalDateEnding": "2023-03-31", "reportedCurrency": "USD", "grossProfit": "1382322000", "totalRevenue": "2987614000", "costOfRevenue": "1605292000", "costofGoodsAndServicesSold": "1605292000", "operatingIncome": "799924000", "sellingGeneralAndAdministrative": "584798000", "researchAndDevelopment": "None", "operatingExpenses": "581587000", "investmentIncomeNet": "None", "netInterestIncome": "-37685000", "interestIncome": "37685000", "interestExpense": "37685000", "nonInterestIncome": "None", "otherNonOperatingIncome": "-2983000", "depreciation": "None", "depreciationAndAmortization": "98199000", "incomeBeforeTax": "759256000", "incomeTaxExpense": "172071000", "interestAndDebtExpense": "None", "netIncomeFromContinuingOperations": "587185000", "comprehensiveIncomeNetOfTax": "None", "ebit": "796658000", "ebitda": "894857000", "netIncome": "587185000"}, {"fiscalDateEnding": "2022-12-31", "reportedCurrency": "USD", "grossProfit": "1144806000", "totalRevenue": "2652338000", "costOfRevenue": "1507532000", "costofGoodsAndServicesSold": "1507532000", "operatingIncome": "526646000", "sellingGeneralAndAdministrative": "64972000", "researchAndDevelopment": "46943000", "operatingExpenses": "618160000", "investmentIncomeNet": "None", "netInterestIncome": "-35587000", "interestIncome": "35587000", "interestExpense": "36724000", "nonInterestIncome": "None", "otherNonOperatingIncome": "-127937000", "depreciation": "None", "depreciationAndAmortization": "99877000", "incomeBeforeTax": "363122000", "incomeTaxExpense": "-33174000", "interestAndDebtExpense": "None", "netIncomeFromContinuingOperations": "396296000", "comprehensiveIncomeNetOfTax": "None", "ebit": "399846000", "ebitda": "499723000", "netIncome": "396296000"}, {"fiscalDateEnding": "2022-09-30", "reportedCurrency": "USD", "grossProfit": "1108500000", "totalRevenue": "2728153000", "costOfRevenue": "1619653000", "costofGoodsAndServicesSold": "1619653000", "operatingIncome": "556620000", "sellingGeneralAndAdministrative": "556775000", "researchAndDevelopment": "None", "operatingExpenses": "551880000", "investmentIncomeNet": "None", "netInterestIncome": "-35378000", "interestIncome": "655000", "interestExpense": "36033000", "nonInterestIncome": "None", "otherNonOperatingIncome": "-48157000", "depreciation": "None", "depreciationAndAmortization": "94200000", "incomeBeforeTax": "473085000", "incomeTaxExpense": "73598000", "interestAndDebtExpense": "None", "netIncomeFromContinuingOperations": "399487000", "comprehensiveIncomeNetOfTax": "None", "ebit": "552834000", "ebitda": "647034000", "netIncome": "399487000"}, {"fiscalDateEnding": "2022-06-30", "reportedCurrency": "USD", "grossProfit": "999999000", "totalRevenue": "2372582000", "costOfRevenue": "1372583000", "costofGoodsAndServicesSold": "1372583000", "operatingIncome": "456531000", "sellingGeneralAndAdministrative": "543468000", "researchAndDevelopment": "None", "operatingExpenses": "543468000", "investmentIncomeNet": "None", "netInterestIncome": "-33413000", "interestIncome": "389000", "interestExpense": "33802000", "nonInterestIncome": "None", "otherNonOperatingIncome": "-19658000", "depreciation": "None", "depreciationAndAmortization": "93846000", "incomeBeforeTax": "403460000", "incomeTaxExpense": "87904000", "interestAndDebtExpense": "None", "netIncomeFromContinuingOperations": "315556000", "comprehensiveIncomeNetOfTax": "None", "ebit": "458419000", "ebitda": "552265000", "netIncome": "315556000"}, {"fiscalDateEnding": "2022-03-31", "reportedCurrency": "USD", "grossProfit": "1245480000", "totalRevenue": "2666221000", "costOfRevenue": "1420741000", "costofGoodsAndServicesSold": "1420741000", "operatingIncome": "720990000", "sellingGeneralAndAdministrative": "524216000", "researchAndDevelopment": "None", "operatingExpenses": "524216000", "investmentIncomeNet": "None", "netInterestIncome": "-33179000", "interestIncome": "357000", "interestExpense": "33536000", "nonInterestIncome": "None", "otherNonOperatingIncome": "-10407000", "depreciation": "None", "depreciationAndAmortization": "91036000", "incomeBeforeTax": "677404000", "incomeTaxExpense": "143926000", "interestAndDebtExpense": "None", "netIncomeFromContinuingOperations": "533478000", "comprehensiveIncomeNetOfTax": "None", "ebit": "725070000", "ebitda": "816106000", "netIncome": "533478000"}, {"fiscalDateEnding": "2021-12-31", "reportedCurrency": "USD", "grossProfit": "1012867000", "totalRevenue": "2326128000", "costOfRevenue": "1313261000", "costofGoodsAndServicesSold": "1313261000", "operatingIncome": "459172000", "sellingGeneralAndAdministrative": "41120000", "researchAndDevelopment": "40107000", "operatingExpenses": "552918000", "investmentIncomeNet": "None", "netInterestIncome": "-29762000", "interestIncome": "29762000", "interestExpense": "29762000", "nonInterestIncome": "None", "otherNonOperatingIncome": "-86469000", "depreciation": "None", "depreciationAndAmortization": "83049000", "incomeBeforeTax": "342941000", "incomeTaxExpense": "3150000", "interestAndDebtExpense": "None", "netIncomeFromContinuingOperations": "339791000", "comprehensiveIncomeNetOfTax": "None", "ebit": "460159000", "ebitda": "543208000", "netIncome": "335556000"}, {"fiscalDateEnding": "2021-09-30", "reportedCurrency": "USD", "grossProfit": "1061335000", "totalRevenue": "2359839000", "costOfRevenue": "1298504000", "costofGoodsAndServicesSold": "1298504000", "operatingIncome": "574831000", "sellingGeneralAndAdministrative": "486139000", "researchAndDevelopment": "None", "operatingExpenses": "486139000", "investmentIncomeNet": "None", "netInterestIncome": "-30154000", "interestIncome": "532000", "interestExpense": "30686000", "nonInterestIncome": "None", "otherNonOperatingIncome": "-23004000", "depreciation": "None", "depreciationAndAmortization": "78024000", "incomeBeforeTax": "521673000", "incomeTaxExpense": "76746000", "interestAndDebtExpense": "None", "netIncomeFromContinuingOperations": "444927000", "comprehensiveIncomeNetOfTax": "None", "ebit": "578223000", "ebitda": "656247000", "netIncome": "444927000"}, {"fiscalDateEnding": "2021-06-30", "reportedCurrency": "USD", "grossProfit": "925445000", "totalRevenue": "1989422000", "costOfRevenue": "1063977000", "costofGoodsAndServicesSold": "1063977000", "operatingIncome": "456675000", "sellingGeneralAndAdministrative": "467629000", "researchAndDevelopment": "None", "operatingExpenses": "467629000", "investmentIncomeNet": "None", "netInterestIncome": "-31065000", "interestIncome": "619000", "interestExpense": "31684000", "nonInterestIncome": "None", "otherNonOperatingIncome": "-7194000", "depreciation": "None", "depreciationAndAmortization": "76032000", "incomeBeforeTax": "418416000", "incomeTaxExpense": "117186000", "interestAndDebtExpense": "None", "netIncomeFromContinuingOperations": "301230000", "comprehensiveIncomeNetOfTax": "None", "ebit": "458421000", "ebitda": "534453000", "netIncome": "301230000"}, {"fiscalDateEnding": "2021-03-31", "reportedCurrency": "USD", "grossProfit": "1048951000", "totalRevenue": "2295948000", "costOfRevenue": "1246997000", "costofGoodsAndServicesSold": "1246997000", "operatingIncome": "553044000", "sellingGeneralAndAdministrative": "494665000", "researchAndDevelopment": "None", "operatingExpenses": "494665000", "investmentIncomeNet": "None", "netInterestIncome": "-36436000", "interestIncome": "610000", "interestExpense": "37046000", "nonInterestIncome": "None", "otherNonOperatingIncome": "-2414000", "depreciation": "None", "depreciationAndAmortization": "77897000", "incomeBeforeTax": "514194000", "incomeTaxExpense": "117323000", "interestAndDebtExpense": "None", "netIncomeFromContinuingOperations": "396871000", "comprehensiveIncomeNetOfTax": "None", "ebit": "558935000", "ebitda": "636832000", "netIncome": "395799000"}, {"fiscalDateEnding": "2020-12-31", "reportedCurrency": "USD", "grossProfit": "962071000", "totalRevenue": "2185244000", "costOfRevenue": "1223173000", "costofGoodsAndServicesSold": "1223173000", "operatingIncome": "405115000", "sellingGeneralAndAdministrative": "21042000", "researchAndDevelopment": "37577000", "operatingExpenses": "537978000", "investmentIncomeNet": "None", "netInterestIncome": "-37782000", "interestIncome": "37782000", "interestExpense": "37782000", "nonInterestIncome": "None", "otherNonOperatingIncome": "-103933000", "depreciation": "None", "depreciationAndAmortization": "77218000", "incomeBeforeTax": "263400000", "incomeTaxExpense": "-27930000", "interestAndDebtExpense": "None", "netIncomeFromContinuingOperations": "291330000", "comprehensiveIncomeNetOfTax": "None", "ebit": "424801000", "ebitda": "502019000", "netIncome": "291387000"}, {"fiscalDateEnding": "2020-09-30", "reportedCurrency": "USD", "grossProfit": "1080024000", "totalRevenue": "2219829000", "costOfRevenue": "1139805000", "costofGoodsAndServicesSold": "1139805000", "operatingIncome": "611410000", "sellingGeneralAndAdministrative": "468614000", "researchAndDevelopment": "None", "operatingExpenses": "468614000", "investmentIncomeNet": "None", "netInterestIncome": "-37258000", "interestIncome": "37258000", "interestExpense": "38056000", "nonInterestIncome": "None", "otherNonOperatingIncome": "-11644000", "depreciation": "None", "depreciationAndAmortization": "75165000", "incomeBeforeTax": "562508000", "incomeTaxExpense": "115250000", "interestAndDebtExpense": "None", "netIncomeFromContinuingOperations": "447258000", "comprehensiveIncomeNetOfTax": "None", "ebit": "606626000", "ebitda": "681791000", "netIncome": "447283000"}, {"fiscalDateEnding": "2020-06-30", "reportedCurrency": "USD", "grossProfit": "792552000", "totalRevenue": "1707329000", "costOfRevenue": "914777000", "costofGoodsAndServicesSold": "914777000", "operatingIncome": "383373000", "sellingGeneralAndAdministrative": "2645000", "researchAndDevelopment": "None", "operatingExpenses": "408949000", "investmentIncomeNet": "None", "netInterestIncome": "-38079000", "interestIncome": "777000", "interestExpense": "38856000", "nonInterestIncome": "None", "otherNonOperatingIncome": "-11217000", "depreciation": "None", "depreciationAndAmortization": "71900000", "incomeBeforeTax": "334077000", "incomeTaxExpense": "66035000", "interestAndDebtExpense": "None", "netIncomeFromContinuingOperations": "268042000", "comprehensiveIncomeNetOfTax": "None", "ebit": "377232000", "ebitda": "449132000", "netIncome": "268901000"}, {"fiscalDateEnding": "2020-03-31", "reportedCurrency": "USD", "grossProfit": "866622000", "totalRevenue": "2037317000", "costOfRevenue": "1170695000", "costofGoodsAndServicesSold": "1170695000", "operatingIncome": "382800000", "sellingGeneralAndAdministrative": "9081000", "researchAndDevelopment": "None", "operatingExpenses": "475384000", "investmentIncomeNet": "None", "netInterestIncome": "-36255000", "interestIncome": "1584000", "interestExpense": "37839000", "nonInterestIncome": "None", "otherNonOperatingIncome": "-11533000", "depreciation": "None", "depreciationAndAmortization": "70624000", "incomeBeforeTax": "335012000", "incomeTaxExpense": "66229000", "interestAndDebtExpense": "None", "netIncomeFromContinuingOperations": "268783000", "comprehensiveIncomeNetOfTax": "None", "ebit": "399917000", "ebitda": "470541000", "netIncome": "271137000"}, {"fiscalDateEnding": "2019-12-31", "reportedCurrency": "USD", "grossProfit": "911912000", "totalRevenue": "2068125000", "costOfRevenue": "1156213000", "costofGoodsAndServicesSold": "1156213000", "operatingIncome": "286198000", "sellingGeneralAndAdministrative": "3898000", "researchAndDevelopment": "37146000", "operatingExpenses": "517200000", "investmentIncomeNet": "None", "netInterestIncome": "-37435000", "interestIncome": "1145000", "interestExpense": "37435000", "nonInterestIncome": "None", "otherNonOperatingIncome": "-34442000", "depreciation": "None", "depreciationAndAmortization": "72703000", "incomeBeforeTax": "214321000", "incomeTaxExpense": "9903000", "interestAndDebtExpense": "None", "netIncomeFromContinuingOperations": "204418000", "comprehensiveIncomeNetOfTax": "None", "ebit": "376333000", "ebitda": "449036000", "netIncome": "207187000"}, {"fiscalDateEnding": "2019-09-30", "reportedCurrency": "USD", "grossProfit": "943318000", "totalRevenue": "2134422000", "costOfRevenue": "1191104000", "costofGoodsAndServicesSold": "1191104000", "operatingIncome": "460815000", "sellingGeneralAndAdministrative": "1525000", "researchAndDevelopment": "37146000", "operatingExpenses": "481363000", "investmentIncomeNet": "None", "netInterestIncome": "-35456000", "interestIncome": "879000", "interestExpense": "35456000", "nonInterestIncome": "None", "otherNonOperatingIncome": "-17999000", "depreciation": "None", "depreciationAndAmortization": "74495000", "incomeBeforeTax": "407360000", "incomeTaxExpense": "82178000", "interestAndDebtExpense": "None", "netIncomeFromContinuingOperations": "325182000", "comprehensiveIncomeNetOfTax": "None", "ebit": "454326000", "ebitda": "528821000", "netIncome": "325307000"}, {"fiscalDateEnding": "2019-06-30", "reportedCurrency": "USD", "grossProfit": "874744000", "totalRevenue": "1767217000", "costOfRevenue": "892473000", "costofGoodsAndServicesSold": "892473000", "operatingIncome": "410070000", "sellingGeneralAndAdministrative": "453793000", "researchAndDevelopment": "37146000", "operatingExpenses": "453793000", "investmentIncomeNet": "None", "netInterestIncome": "-33776000", "interestIncome": "4025000", "interestExpense": "37801000", "nonInterestIncome": "None", "otherNonOperatingIncome": "-13125000", "depreciation": "None", "depreciationAndAmortization": "72017000", "incomeBeforeTax": "363169000", "incomeTaxExpense": "49898000", "interestAndDebtExpense": "None", "netIncomeFromContinuingOperations": "313271000", "comprehensiveIncomeNetOfTax": "None", "ebit": "416853000", "ebitda": "488870000", "netIncome": "312840000"}, {"fiscalDateEnding": "2019-03-31", "reportedCurrency": "USD", "grossProfit": "892504000", "totalRevenue": "2016488000", "costOfRevenue": "1123984000", "costofGoodsAndServicesSold": "1123984000", "operatingIncome": "438869000", "sellingGeneralAndAdministrative": "453573000", "researchAndDevelopment": "37146000", "operatingExpenses": "453573000", "investmentIncomeNet": "None", "netInterestIncome": "-37458000", "interestIncome": "1948000", "interestExpense": "37458000", "nonInterestIncome": "None", "otherNonOperatingIncome": "-5477000", "depreciation": "None", "depreciationAndAmortization": "72329000", "incomeBeforeTax": "395934000", "incomeTaxExpense": "92053000", "interestAndDebtExpense": "None", "netIncomeFromContinuingOperations": "303881000", "comprehensiveIncomeNetOfTax": "None", "ebit": "431758000", "ebitda": "504087000", "netIncome": "304358000"}, {"fiscalDateEnding": "2018-12-31", "reportedCurrency": "USD", "grossProfit": "944352000", "totalRevenue": "1987902000", "costOfRevenue": "1043550000", "costofGoodsAndServicesSold": "1043550000", "operatingIncome": "421165000", "sellingGeneralAndAdministrative": "6128000", "researchAndDevelopment": "38521000", "operatingExpenses": "486036000", "investmentIncomeNet": "None", "netInterestIncome": "None", "interestIncome": "None", "interestExpense": "37630000", "nonInterestIncome": "None", "otherNonOperatingIncome": "-39565000", "depreciation": "None", "depreciationAndAmortization": "69341000", "incomeBeforeTax": "343970000", "incomeTaxExpense": "12370000", "interestAndDebtExpense": "None", "netIncomeFromContinuingOperations": "331600000", "comprehensiveIncomeNetOfTax": "None", "ebit": "381406000", "ebitda": "450747000", "netIncome": "336791000"}, {"fiscalDateEnding": "2018-09-30", "reportedCurrency": "USD", "grossProfit": "863493000", "totalRevenue": "2079593000", "costOfRevenue": "1216100000", "costofGoodsAndServicesSold": "1216100000", "operatingIncome": "406263000", "sellingGeneralAndAdministrative": "453921000", "researchAndDevelopment": "38521000", "operatingExpenses": "453921000", "investmentIncomeNet": "None", "netInterestIncome": "None", "interestIncome": "None", "interestExpense": "36916000", "nonInterestIncome": "None", "otherNonOperatingIncome": "-12493000", "depreciation": "None", "depreciationAndAmortization": "74807000", "incomeBeforeTax": "356854000", "incomeTaxExpense": "91441000", "interestAndDebtExpense": "None", "netIncomeFromContinuingOperations": "265413000", "comprehensiveIncomeNetOfTax": "None", "ebit": "393245000", "ebitda": "468052000", "netIncome": "263713000"}, {"fiscalDateEnding": "2018-06-30", "reportedCurrency": "USD", "grossProfit": "793420000", "totalRevenue": "1751615000", "costOfRevenue": "958195000", "costofGoodsAndServicesSold": "958195000", "operatingIncome": "315724000", "sellingGeneralAndAdministrative": "5648000", "researchAndDevelopment": "38521000", "operatingExpenses": "449548000", "investmentIncomeNet": "None", "netInterestIncome": "None", "interestIncome": "None", "interestExpense": "34952000", "nonInterestIncome": "None", "otherNonOperatingIncome": "-20766000", "depreciation": "None", "depreciationAndAmortization": "76580000", "incomeBeforeTax": "260006000", "incomeTaxExpense": "36687000", "interestAndDebtExpense": "None", "netIncomeFromContinuingOperations": "223319000", "comprehensiveIncomeNetOfTax": "None", "ebit": "294400000", "ebitda": "370980000", "netIncome": "226855000"}, {"fiscalDateEnding": "2018-03-31", "reportedCurrency": "USD", "grossProfit": "974060000", "totalRevenue": "1971959000", "costOfRevenue": "997899000", "costofGoodsAndServicesSold": "997899000", "operatingIncome": "480512000", "sellingGeneralAndAdministrative": "6024000", "researchAndDevelopment": "0", "operatingExpenses": "485324000", "investmentIncomeNet": "None", "netInterestIncome": "None", "interestIncome": "None", "interestExpense": "29339000", "nonInterestIncome": "None", "otherNonOperatingIncome": "-1942000", "depreciation": "None", "depreciationAndAmortization": "74416000", "incomeBeforeTax": "449231000", "incomeTaxExpense": "98512000", "interestAndDebtExpense": "None", "netIncomeFromContinuingOperations": "350719000", "comprehensiveIncomeNetOfTax": "None", "ebit": "480785000", "ebitda": "555201000", "netIncome": "350203000"}, {"fiscalDateEnding": "2017-12-31", "reportedCurrency": "USD", "grossProfit": "834527000", "totalRevenue": "1939636000", "costOfRevenue": "1105109000", "costofGoodsAndServicesSold": "1105109000", "operatingIncome": "328349000", "sellingGeneralAndAdministrative": "32860000", "researchAndDevelopment": "45850000", "operatingExpenses": "508433000", "investmentIncomeNet": "None", "netInterestIncome": "None", "interestIncome": "None", "interestExpense": "25826000", "nonInterestIncome": "None", "otherNonOperatingIncome": "-42134000", "depreciation": "None", "depreciationAndAmortization": "67540000", "incomeBeforeTax": "260389000", "incomeTaxExpense": "78840000", "interestAndDebtExpense": "None", "netIncomeFromContinuingOperations": "181549000", "comprehensiveIncomeNetOfTax": "None", "ebit": "324466000", "ebitda": "392006000", "netIncome": "181133000"}, {"fiscalDateEnding": "2017-09-30", "reportedCurrency": "USD", "grossProfit": "940222000", "totalRevenue": "2033121000", "costOfRevenue": "1092899000", "costofGoodsAndServicesSold": "1092899000", "operatingIncome": "439020000", "sellingGeneralAndAdministrative": "23382000", "researchAndDevelopment": "0", "operatingExpenses": "497182000", "investmentIncomeNet": "None", "netInterestIncome": "None", "interestIncome": "None", "interestExpense": "24589000", "nonInterestIncome": "None", "otherNonOperatingIncome": "-13630000", "depreciation": "None", "depreciationAndAmortization": "62234000", "incomeBeforeTax": "400801000", "incomeTaxExpense": "126788000", "interestAndDebtExpense": "None", "netIncomeFromContinuingOperations": "274013000", "comprehensiveIncomeNetOfTax": "None", "ebit": "446917000", "ebitda": "509151000", "netIncome": "273303000"}, {"fiscalDateEnding": "2017-06-30", "reportedCurrency": "USD", "grossProfit": "763210000", "totalRevenue": "1662991000", "costOfRevenue": "899781000", "costofGoodsAndServicesSold": "899781000", "operatingIncome": "315341000", "sellingGeneralAndAdministrative": "9788000", "researchAndDevelopment": "0", "operatingExpenses": "445888000", "investmentIncomeNet": "None", "netInterestIncome": "None", "interestIncome": "None", "interestExpense": "24126000", "nonInterestIncome": "None", "otherNonOperatingIncome": "-10098000", "depreciation": "None", "depreciationAndAmortization": "67127000", "incomeBeforeTax": "281117000", "incomeTaxExpense": "78390000", "interestAndDebtExpense": "None", "netIncomeFromContinuingOperations": "202727000", "comprehensiveIncomeNetOfTax": "None", "ebit": "303171000", "ebitda": "370298000", "netIncome": "203501000"}, {"fiscalDateEnding": "2017-03-31", "reportedCurrency": "USD", "grossProfit": "906560000", "totalRevenue": "1879678000", "costOfRevenue": "973118000", "costofGoodsAndServicesSold": "973118000", "operatingIncome": "191931000", "sellingGeneralAndAdministrative": "3800000", "researchAndDevelopment": "0", "operatingExpenses": "461900000", "investmentIncomeNet": "None", "netInterestIncome": "None", "interestIncome": "None", "interestExpense": "23741000", "nonInterestIncome": "None", "otherNonOperatingIncome": "171000", "depreciation": "None", "depreciationAndAmortization": "64952000", "incomeBeforeTax": "168361000", "incomeTaxExpense": "70113000", "interestAndDebtExpense": "None", "netIncomeFromContinuingOperations": "98248000", "comprehensiveIncomeNetOfTax": "None", "ebit": "189908000", "ebitda": "254860000", "netIncome": "125044000"}, {"fiscalDateEnding": "2016-12-31", "reportedCurrency": "USD", "grossProfit": "742269000", "totalRevenue": "1970244000", "costOfRevenue": "1227975000", "costofGoodsAndServicesSold": "1227975000", "operatingIncome": "229488000", "sellingGeneralAndAdministrative": "14860000", "researchAndDevelopment": "47268000", "operatingExpenses": "506619000", "investmentIncomeNet": "None", "netInterestIncome": "None", "interestIncome": "None", "interestExpense": "23413000", "nonInterestIncome": "None", "otherNonOperatingIncome": "-7456000", "depreciation": "None", "depreciationAndAmortization": "59936000", "incomeBeforeTax": "198619000", "incomeTaxExpense": "81766000", "interestAndDebtExpense": "None", "netIncomeFromContinuingOperations": "116853000", "comprehensiveIncomeNetOfTax": "None", "ebit": "220092000", "ebitda": "280028000", "netIncome": "116853000"}, {"fiscalDateEnding": "2016-09-30", "reportedCurrency": "USD", "grossProfit": "850848000", "totalRevenue": "2003454000", "costOfRevenue": "1152606000", "costofGoodsAndServicesSold": "1152606000", "operatingIncome": "374024000", "sellingGeneralAndAdministrative": "1194000", "researchAndDevelopment": "0", "operatingExpenses": "474494000", "investmentIncomeNet": "None", "netInterestIncome": "None", "interestIncome": "None", "interestExpense": "24741000", "nonInterestIncome": "None", "otherNonOperatingIncome": "-21800000", "depreciation": "None", "depreciationAndAmortization": "85122000", "incomeBeforeTax": "327837000", "incomeTaxExpense": "100434000", "interestAndDebtExpense": "None", "netIncomeFromContinuingOperations": "227403000", "comprehensiveIncomeNetOfTax": "None", "ebit": "349745000", "ebitda": "434867000", "netIncome": "227403000"}, {"fiscalDateEnding": "2016-06-30", "reportedCurrency": "USD", "grossProfit": "747398000", "totalRevenue": "1637671000", "costOfRevenue": "890273000", "costofGoodsAndServicesSold": "890273000", "operatingIncome": "262762000", "sellingGeneralAndAdministrative": "6031000", "researchAndDevelopment": "0", "operatingExpenses": "462531000", "investmentIncomeNet": "None", "netInterestIncome": "None", "interestIncome": "None", "interestExpense": "21611000", "nonInterestIncome": "None", "otherNonOperatingIncome": "-8128000", "depreciation": "None", "depreciationAndAmortization": "96866000", "incomeBeforeTax": "233296000", "incomeTaxExpense": "87340000", "interestAndDebtExpense": "None", "netIncomeFromContinuingOperations": "145956000", "comprehensiveIncomeNetOfTax": "None", "ebit": "254907000", "ebitda": "351773000", "netIncome": "145956000"}, {"fiscalDateEnding": "2016-03-31", "reportedCurrency": "USD", "grossProfit": "817376000", "totalRevenue": "1828812000", "costOfRevenue": "1011436000", "costofGoodsAndServicesSold": "1011436000", "operatingIncome": "339509000", "sellingGeneralAndAdministrative": "8734000", "researchAndDevelopment": "0", "operatingExpenses": "471734000", "investmentIncomeNet": "None", "netInterestIncome": "None", "interestIncome": "None", "interestExpense": "21005000", "nonInterestIncome": "None", "otherNonOperatingIncome": "21225000", "depreciation": "None", "depreciationAndAmortization": "59913000", "incomeBeforeTax": "339729000", "incomeTaxExpense": "109897000", "interestAndDebtExpense": "None", "netIncomeFromContinuingOperations": "229832000", "comprehensiveIncomeNetOfTax": "None", "ebit": "353939000", "ebitda": "413852000", "netIncome": "229832000"}, {"fiscalDateEnding": "2015-12-31", "reportedCurrency": "USD", "grossProfit": "854360000", "totalRevenue": "1909222000", "costOfRevenue": "1054862000", "costofGoodsAndServicesSold": "1054862000", "operatingIncome": "343078000", "sellingGeneralAndAdministrative": "62196000", "researchAndDevelopment": "49281000", "operatingExpenses": "499448000", "investmentIncomeNet": "None", "netInterestIncome": "None", "interestIncome": "None", "interestExpense": "20726000", "nonInterestIncome": "None", "otherNonOperatingIncome": "-15971000", "depreciation": "None", "depreciationAndAmortization": "62073000", "incomeBeforeTax": "296541000", "incomeTaxExpense": "83157000", "interestAndDebtExpense": "None", "netIncomeFromContinuingOperations": "213384000", "comprehensiveIncomeNetOfTax": "None", "ebit": "317964000", "ebitda": "380037000", "netIncome": "213384000"}, {"fiscalDateEnding": "2015-09-30", "reportedCurrency": "USD", "grossProfit": "892064000", "totalRevenue": "1960779000", "costOfRevenue": "1068715000", "costofGoodsAndServicesSold": "1068715000", "operatingIncome": "303014000", "sellingGeneralAndAdministrative": "499800000", "researchAndDevelopment": "0", "operatingExpenses": "500306000", "investmentIncomeNet": "None", "netInterestIncome": "None", "interestIncome": "None", "interestExpense": "46967000", "nonInterestIncome": "None", "otherNonOperatingIncome": "-9409000", "depreciation": "None", "depreciationAndAmortization": "64054000", "incomeBeforeTax": "246638000", "incomeTaxExpense": "91867000", "interestAndDebtExpense": "None", "netIncomeFromContinuingOperations": "154771000", "comprehensiveIncomeNetOfTax": "None", "ebit": "411480000", "ebitda": "475534000", "netIncome": "154771000"}, {"fiscalDateEnding": "2015-06-30", "reportedCurrency": "USD", "grossProfit": "735408000", "totalRevenue": "1578825000", "costOfRevenue": "843417000", "costofGoodsAndServicesSold": "843417000", "operatingIncome": "7500000", "sellingGeneralAndAdministrative": "454531000", "researchAndDevelopment": "0", "operatingExpenses": "455545000", "investmentIncomeNet": "None", "netInterestIncome": "None", "interestIncome": "None", "interestExpense": "20033000", "nonInterestIncome": "None", "otherNonOperatingIncome": "-4759000", "depreciation": "None", "depreciationAndAmortization": "60463000", "incomeBeforeTax": "-16136000", "incomeTaxExpense": "83805000", "interestAndDebtExpense": "None", "netIncomeFromContinuingOperations": "-99941000", "comprehensiveIncomeNetOfTax": "None", "ebit": "288457000", "ebitda": "348920000", "netIncome": "-99941000"}, {"fiscalDateEnding": "2015-03-31", "reportedCurrency": "USD", "grossProfit": "900843000", "totalRevenue": "1937800000", "costOfRevenue": "1036957000", "costofGoodsAndServicesSold": "1036957000", "operatingIncome": "396673000", "sellingGeneralAndAdministrative": "30000", "researchAndDevelopment": "0", "operatingExpenses": "504170000", "investmentIncomeNet": "None", "netInterestIncome": "None", "interestIncome": "None", "interestExpense": "19202000", "nonInterestIncome": "None", "otherNonOperatingIncome": "None", "depreciation": "None", "depreciationAndAmortization": "58338000", "incomeBeforeTax": "374804000", "incomeTaxExpense": "130067000", "interestAndDebtExpense": "None", "netIncomeFromContinuingOperations": "244737000", "comprehensiveIncomeNetOfTax": "None", "ebit": "391879000", "ebitda": "450217000", "netIncome": "244737000"}, {"fiscalDateEnding": "2014-12-31", "reportedCurrency": "USD", "grossProfit": "887065000", "totalRevenue": "2010027000", "costOfRevenue": "1122962000", "costofGoodsAndServicesSold": "1122962000", "operatingIncome": "367386000", "sellingGeneralAndAdministrative": "50544000", "researchAndDevelopment": "47554000", "operatingExpenses": "519679000", "investmentIncomeNet": "None", "netInterestIncome": "None", "interestIncome": "None", "interestExpense": "20740000", "nonInterestIncome": "None", "otherNonOperatingIncome": "None", "depreciation": "None", "depreciationAndAmortization": "58526000", "incomeBeforeTax": "321569000", "incomeTaxExpense": "119061000", "interestAndDebtExpense": "None", "netIncomeFromContinuingOperations": "-57144000", "comprehensiveIncomeNetOfTax": "None", "ebit": "376706000", "ebitda": "435232000", "netIncome": "202508000"}, {"fiscalDateEnding": "2014-09-30", "reportedCurrency": "USD", "grossProfit": "860137000", "totalRevenue": "1961578000", "costOfRevenue": "1101441000", "costofGoodsAndServicesSold": "1101441000", "operatingIncome": "361795000", "sellingGeneralAndAdministrative": "31000", "researchAndDevelopment": "0", "operatingExpenses": "477569000", "investmentIncomeNet": "None", "netInterestIncome": "None", "interestIncome": "None", "interestExpense": "20773000", "nonInterestIncome": "None", "otherNonOperatingIncome": "None", "depreciation": "None", "depreciationAndAmortization": "52873000", "incomeBeforeTax": "345423000", "incomeTaxExpense": "121682000", "interestAndDebtExpense": "None", "netIncomeFromContinuingOperations": "223741000", "comprehensiveIncomeNetOfTax": "None", "ebit": "380864000", "ebitda": "433737000", "netIncome": "223741000"}, {"fiscalDateEnding": "2014-06-30", "reportedCurrency": "USD", "grossProfit": "717474000", "totalRevenue": "1578350000", "costOfRevenue": "860876000", "costofGoodsAndServicesSold": "860876000", "operatingIncome": "278711000", "sellingGeneralAndAdministrative": "137000", "researchAndDevelopment": "0", "operatingExpenses": "438763000", "investmentIncomeNet": "None", "netInterestIncome": "None", "interestIncome": "None", "interestExpense": "20734000", "nonInterestIncome": "None", "otherNonOperatingIncome": "None", "depreciation": "None", "depreciationAndAmortization": "50830000", "incomeBeforeTax": "256730000", "incomeTaxExpense": "88562000", "interestAndDebtExpense": "None", "netIncomeFromContinuingOperations": "168168000", "comprehensiveIncomeNetOfTax": "None", "ebit": "278522000", "ebitda": "329352000", "netIncome": "168168000"}, {"fiscalDateEnding": "2014-03-31", "reportedCurrency": "USD", "grossProfit": "871490000", "totalRevenue": "1871813000", "costOfRevenue": "1000323000", "costofGoodsAndServicesSold": "1000323000", "operatingIncome": "406531000", "sellingGeneralAndAdministrative": "41000", "researchAndDevelopment": "0", "operatingExpenses": "464959000", "investmentIncomeNet": "None", "netInterestIncome": "None", "interestIncome": "None", "interestExpense": "21285000", "nonInterestIncome": "None", "otherNonOperatingIncome": "None", "depreciation": "None", "depreciationAndAmortization": "49303000", "incomeBeforeTax": "382321000", "incomeTaxExpense": "129826000", "interestAndDebtExpense": "None", "netIncomeFromContinuingOperations": "512147000", "comprehensiveIncomeNetOfTax": "None", "ebit": "406632000", "ebitda": "455935000", "netIncome": "252495000"}, {"fiscalDateEnding": "2013-12-31", "reportedCurrency": "USD", "grossProfit": "857386000", "totalRevenue": "1956253000", "costOfRevenue": "1098867000", "costofGoodsAndServicesSold": "1098867000", "operatingIncome": "313603000", "sellingGeneralAndAdministrative": "38571000", "researchAndDevelopment": "47636000", "operatingExpenses": "543783000", "investmentIncomeNet": "None", "netInterestIncome": "None", "interestIncome": "None", "interestExpense": "21870000", "nonInterestIncome": "None", "otherNonOperatingIncome": "None", "depreciation": "None", "depreciationAndAmortization": "50476000", "incomeBeforeTax": "286435000", "incomeTaxExpense": "100360000", "interestAndDebtExpense": "None", "netIncomeFromContinuingOperations": "186075000", "comprehensiveIncomeNetOfTax": "None", "ebit": "317168000", "ebitda": "367644000", "netIncome": "186075000"}, {"fiscalDateEnding": "2013-09-30", "reportedCurrency": "USD", "grossProfit": "855551000", "totalRevenue": "1853886000", "costOfRevenue": "998335000", "costofGoodsAndServicesSold": "998335000", "operatingIncome": "373565000", "sellingGeneralAndAdministrative": "1486000", "researchAndDevelopment": "0", "operatingExpenses": "481986000", "investmentIncomeNet": "None", "netInterestIncome": "None", "interestIncome": "None", "interestExpense": "21759000", "nonInterestIncome": "None", "otherNonOperatingIncome": "None", "depreciation": "None", "depreciationAndAmortization": "51682000", "incomeBeforeTax": "348877000", "incomeTaxExpense": "115892000", "interestAndDebtExpense": "None", "netIncomeFromContinuingOperations": "232985000", "comprehensiveIncomeNetOfTax": "None", "ebit": "373628000", "ebitda": "425310000", "netIncome": "232985000"}, {"fiscalDateEnding": "2013-06-30", "reportedCurrency": "USD", "grossProfit": "718574000", "totalRevenue": "1508514000", "costOfRevenue": "789940000", "costofGoodsAndServicesSold": "789940000", "operatingIncome": "272504000", "sellingGeneralAndAdministrative": "446070000", "researchAndDevelopment": "0", "operatingExpenses": "446070000", "investmentIncomeNet": "None", "netInterestIncome": "None", "interestIncome": "None", "interestExpense": "21094000", "nonInterestIncome": "None", "otherNonOperatingIncome": "None", "depreciation": "None", "depreciationAndAmortization": "50127000", "incomeBeforeTax": "247823000", "incomeTaxExpense": "88319000", "interestAndDebtExpense": "None", "netIncomeFromContinuingOperations": "159504000", "comprehensiveIncomeNetOfTax": "None", "ebit": "269622000", "ebitda": "319749000", "netIncome": "159504000"}, {"fiscalDateEnding": "2013-03-31", "reportedCurrency": "USD", "grossProfit": "849337000", "totalRevenue": "1827426000", "costOfRevenue": "978089000", "costofGoodsAndServicesSold": "978089000", "operatingIncome": "398668000", "sellingGeneralAndAdministrative": "450669000", "researchAndDevelopment": "0", "operatingExpenses": "450669000", "investmentIncomeNet": "None", "netInterestIncome": "None", "interestIncome": "None", "interestExpense": "23633000", "nonInterestIncome": "None", "otherNonOperatingIncome": "None", "depreciation": "None", "depreciationAndAmortization": "48748000", "incomeBeforeTax": "368184000", "incomeTaxExpense": "126278000", "interestAndDebtExpense": "None", "netIncomeFromContinuingOperations": "241906000", "comprehensiveIncomeNetOfTax": "None", "ebit": "392525000", "ebitda": "441273000", "netIncome": "241906000"}, {"fiscalDateEnding": "2012-12-31", "reportedCurrency": "USD", "grossProfit": "755208000", "totalRevenue": "1751035000", "costOfRevenue": "995827000", "costofGoodsAndServicesSold": "995827000", "operatingIncome": "269351000", "sellingGeneralAndAdministrative": "5841000", "researchAndDevelopment": "39000000", "operatingExpenses": "485857000", "investmentIncomeNet": "None", "netInterestIncome": "None", "interestIncome": "None", "interestExpense": "22666000", "nonInterestIncome": "None", "otherNonOperatingIncome": "None", "depreciation": "None", "depreciationAndAmortization": "47189000", "incomeBeforeTax": "229951000", "incomeTaxExpense": "80072000", "interestAndDebtExpense": "None", "netIncomeFromContinuingOperations": "149879000", "comprehensiveIncomeNetOfTax": "None", "ebit": "253622000", "ebitda": "300811000", "netIncome": "149879000"}, {"fiscalDateEnding": "2012-09-30", "reportedCurrency": "USD", "grossProfit": "742757000", "totalRevenue": "1746709000", "costOfRevenue": "1003952000", "costofGoodsAndServicesSold": "1003952000", "operatingIncome": "301730000", "sellingGeneralAndAdministrative": "420972000", "researchAndDevelopment": "0", "operatingExpenses": "420972000", "investmentIncomeNet": "None", "netInterestIncome": "None", "interestIncome": "None", "interestExpense": "24535000", "nonInterestIncome": "None", "otherNonOperatingIncome": "None", "depreciation": "None", "depreciationAndAmortization": "53213000", "incomeBeforeTax": "277195000", "incomeTaxExpense": "100479000", "interestAndDebtExpense": "None", "netIncomeFromContinuingOperations": "176716000", "comprehensiveIncomeNetOfTax": "None", "ebit": "302315000", "ebitda": "355528000", "netIncome": "176716000"}, {"fiscalDateEnding": "2012-06-30", "reportedCurrency": "USD", "grossProfit": "618521000", "totalRevenue": "1414444000", "costOfRevenue": "795923000", "costofGoodsAndServicesSold": "795923000", "operatingIncome": "222271000", "sellingGeneralAndAdministrative": "4305000", "researchAndDevelopment": "0", "operatingExpenses": "391405000", "investmentIncomeNet": "None", "netInterestIncome": "None", "interestIncome": "None", "interestExpense": "24344000", "nonInterestIncome": "None", "otherNonOperatingIncome": "None", "depreciation": "None", "depreciationAndAmortization": "54767000", "incomeBeforeTax": "197927000", "incomeTaxExpense": "62242000", "interestAndDebtExpense": "None", "netIncomeFromContinuingOperations": "135685000", "comprehensiveIncomeNetOfTax": "None", "ebit": "222975000", "ebitda": "277742000", "netIncome": "135685000"}, {"fiscalDateEnding": "2012-03-31", "reportedCurrency": "USD", "grossProfit": "743396000", "totalRevenue": "1732064000", "costOfRevenue": "988668000", "costofGoodsAndServicesSold": "988668000", "operatingIncome": "334530000", "sellingGeneralAndAdministrative": "8162000", "researchAndDevelopment": "0", "operatingExpenses": "405562000", "investmentIncomeNet": "None", "netInterestIncome": "None", "interestIncome": "None", "interestExpense": "24024000", "nonInterestIncome": "None", "otherNonOperatingIncome": "None", "depreciation": "None", "depreciationAndAmortization": "54868000", "incomeBeforeTax": "310506000", "incomeTaxExpense": "111855000", "interestAndDebtExpense": "None", "netIncomeFromContinuingOperations": "198651000", "comprehensiveIncomeNetOfTax": "None", "ebit": "335176000", "ebitda": "390044000", "netIncome": "198651000"}, {"fiscalDateEnding": "2011-12-31", "reportedCurrency": "USD", "grossProfit": "631206000", "totalRevenue": "1567145000", "costOfRevenue": "935939000", "costofGoodsAndServicesSold": "935939000", "operatingIncome": "229009000", "sellingGeneralAndAdministrative": "397156000", "researchAndDevelopment": "32200000", "operatingExpenses": "397156000", "investmentIncomeNet": "None", "netInterestIncome": "None", "interestIncome": "None", "interestExpense": "21314000", "nonInterestIncome": "None", "otherNonOperatingIncome": "None", "depreciation": "None", "depreciationAndAmortization": "58202000", "incomeBeforeTax": "207695000", "incomeTaxExpense": "65562000", "interestAndDebtExpense": "None", "netIncomeFromContinuingOperations": "476016000", "comprehensiveIncomeNetOfTax": "None", "ebit": "229630000", "ebitda": "287832000", "netIncome": "142133000"}, {"fiscalDateEnding": "2011-09-30", "reportedCurrency": "USD", "grossProfit": "680181000", "totalRevenue": "1624249000", "costOfRevenue": "944068000", "costofGoodsAndServicesSold": "944068000", "operatingIncome": "321116000", "sellingGeneralAndAdministrative": "14922000", "researchAndDevelopment": "0", "operatingExpenses": "356878000", "investmentIncomeNet": "None", "netInterestIncome": "None", "interestIncome": "None", "interestExpense": "23041000", "nonInterestIncome": "None", "otherNonOperatingIncome": "None", "depreciation": "None", "depreciationAndAmortization": "54769000", "incomeBeforeTax": "298075000", "incomeTaxExpense": "101380000", "interestAndDebtExpense": "None", "netIncomeFromContinuingOperations": "196695000", "comprehensiveIncomeNetOfTax": "None", "ebit": "323303000", "ebitda": "378072000", "netIncome": "196695000"}, {"fiscalDateEnding": "2011-06-30", "reportedCurrency": "USD", "grossProfit": "564320000", "totalRevenue": "1325171000", "costOfRevenue": "760851000", "costofGoodsAndServicesSold": "760851000", "operatingIncome": "228354000", "sellingGeneralAndAdministrative": "1518000", "researchAndDevelopment": "0", "operatingExpenses": "345918000", "investmentIncomeNet": "None", "netInterestIncome": "None", "interestIncome": "None", "interestExpense": "23351000", "nonInterestIncome": "None", "otherNonOperatingIncome": "None", "depreciation": "None", "depreciationAndAmortization": "51738000", "incomeBeforeTax": "205003000", "incomeTaxExpense": "74984000", "interestAndDebtExpense": "None", "netIncomeFromContinuingOperations": "130019000", "comprehensiveIncomeNetOfTax": "None", "ebit": "228354000", "ebitda": "280092000", "netIncome": "130019000"}, {"fiscalDateEnding": "2011-03-31", "reportedCurrency": "USD", "grossProfit": "656185000", "totalRevenue": "1564223000", "costOfRevenue": "908038000", "costofGoodsAndServicesSold": "908038000", "operatingIncome": "276549000", "sellingGeneralAndAdministrative": "2298000", "researchAndDevelopment": "0", "operatingExpenses": "377798000", "investmentIncomeNet": "None", "netInterestIncome": "None", "interestIncome": "None", "interestExpense": "24477000", "nonInterestIncome": "None", "otherNonOperatingIncome": "None", "depreciation": "None", "depreciationAndAmortization": "51054000", "incomeBeforeTax": "252072000", "incomeTaxExpense": "91957000", "interestAndDebtExpense": "None", "netIncomeFromContinuingOperations": "160115000", "comprehensiveIncomeNetOfTax": "None", "ebit": "277339000", "ebitda": "328393000", "netIncome": "160115000"}, {"fiscalDateEnding": "2010-12-31", "reportedCurrency": "USD", "grossProfit": "619470000", "totalRevenue": "1482809000", "costOfRevenue": "863339000", "costofGoodsAndServicesSold": "863339000", "operatingIncome": "227892000", "sellingGeneralAndAdministrative": "391227000", "researchAndDevelopment": "30500000", "operatingExpenses": "391227000", "investmentIncomeNet": "None", "netInterestIncome": "None", "interestIncome": "None", "interestExpense": "28087000", "nonInterestIncome": "None", "otherNonOperatingIncome": "None", "depreciation": "None", "depreciationAndAmortization": "51380000", "incomeBeforeTax": "200246000", "incomeTaxExpense": "64733000", "interestAndDebtExpense": "None", "netIncomeFromContinuingOperations": "135513000", "comprehensiveIncomeNetOfTax": "None", "ebit": "228333000", "ebitda": "279713000", "netIncome": "135513000"}, {"fiscalDateEnding": "2010-09-30", "reportedCurrency": "USD", "grossProfit": "655220000", "totalRevenue": "1547115000", "costOfRevenue": "891895000", "costofGoodsAndServicesSold": "891895000", "operatingIncome": "299648000", "sellingGeneralAndAdministrative": "424000", "researchAndDevelopment": "0", "operatingExpenses": "355572000", "investmentIncomeNet": "None", "netInterestIncome": "None", "interestIncome": "None", "interestExpense": "22259000", "nonInterestIncome": "None", "otherNonOperatingIncome": "None", "depreciation": "None", "depreciationAndAmortization": "52438000", "incomeBeforeTax": "277389000", "incomeTaxExpense": "97220000", "interestAndDebtExpense": "None", "netIncomeFromContinuingOperations": "180169000", "comprehensiveIncomeNetOfTax": "None", "ebit": "277389000", "ebitda": "329827000", "netIncome": "180169000"}, {"fiscalDateEnding": "2010-06-30", "reportedCurrency": "USD", "grossProfit": "546538000", "totalRevenue": "1233242000", "costOfRevenue": "686704000", "costofGoodsAndServicesSold": "686704000", "operatingIncome": "124424000", "sellingGeneralAndAdministrative": "80000", "researchAndDevelopment": "0", "operatingExpenses": "336980000", "investmentIncomeNet": "None", "netInterestIncome": "None", "interestIncome": "None", "interestExpense": "22780000", "nonInterestIncome": "None", "otherNonOperatingIncome": "None", "depreciation": "None", "depreciationAndAmortization": "45968000", "incomeBeforeTax": "101644000", "incomeTaxExpense": "54921000", "interestAndDebtExpense": "None", "netIncomeFromContinuingOperations": "46723000", "comprehensiveIncomeNetOfTax": "None", "ebit": "78456000", "ebitda": "124424000", "netIncome": "46723000"}, {"fiscalDateEnding": "2010-03-31", "reportedCurrency": "USD", "grossProfit": "593980000", "totalRevenue": "1407843000", "costOfRevenue": "813863000", "costofGoodsAndServicesSold": "813863000", "operatingIncome": "253334000", "sellingGeneralAndAdministrative": "46000", "researchAndDevelopment": "0", "operatingExpenses": "340646000", "investmentIncomeNet": "None", "netInterestIncome": "None", "interestIncome": "None", "interestExpense": "23749000", "nonInterestIncome": "None", "otherNonOperatingIncome": "None", "depreciation": "None", "depreciationAndAmortization": "47330000", "incomeBeforeTax": "229585000", "incomeTaxExpense": "82191000", "interestAndDebtExpense": "None", "netIncomeFromContinuingOperations": "147394000", "comprehensiveIncomeNetOfTax": "None", "ebit": "253549000", "ebitda": "300879000", "netIncome": "147394000"}, {"fiscalDateEnding": "2009-12-31", "reportedCurrency": "USD", "grossProfit": "570521000", "totalRevenue": "1407336000", "costOfRevenue": "836815000", "costofGoodsAndServicesSold": "836815000", "operatingIncome": "212356000", "sellingGeneralAndAdministrative": "334040000", "researchAndDevelopment": "28100000", "operatingExpenses": "334040000", "investmentIncomeNet": "None", "netInterestIncome": "None", "interestIncome": "None", "interestExpense": "21711000", "nonInterestIncome": "None", "otherNonOperatingIncome": "None", "depreciation": "None", "depreciationAndAmortization": "43537000", "incomeBeforeTax": "190829000", "incomeTaxExpense": "64050000", "interestAndDebtExpense": "None", "netIncomeFromContinuingOperations": "0", "comprehensiveIncomeNetOfTax": "None", "ebit": "212540000", "ebitda": "256077000", "netIncome": "126779000"}, {"fiscalDateEnding": "2009-09-30", "reportedCurrency": "USD", "grossProfit": "589098000", "totalRevenue": "1484118000", "costOfRevenue": "895020000", "costofGoodsAndServicesSold": "895020000", "operatingIncome": "279624000", "sellingGeneralAndAdministrative": "34000", "researchAndDevelopment": "0", "operatingExpenses": "301466000", "investmentIncomeNet": "None", "netInterestIncome": "None", "interestIncome": "None", "interestExpense": "22302000", "nonInterestIncome": "None", "otherNonOperatingIncome": "None", "depreciation": "None", "depreciationAndAmortization": "44816000", "incomeBeforeTax": "257322000", "incomeTaxExpense": "95299000", "interestAndDebtExpense": "None", "netIncomeFromContinuingOperations": "162023000", "comprehensiveIncomeNetOfTax": "None", "ebit": "287632000", "ebitda": "332448000", "netIncome": "162023000"}, {"fiscalDateEnding": "2009-06-30", "reportedCurrency": "USD", "grossProfit": "453290000", "totalRevenue": "1171183000", "costOfRevenue": "717893000", "costofGoodsAndServicesSold": "717893000", "operatingIncome": "116676000", "sellingGeneralAndAdministrative": "10000", "researchAndDevelopment": "0", "operatingExpenses": "298710000", "investmentIncomeNet": "None", "netInterestIncome": "None", "interestIncome": "None", "interestExpense": "22734000", "nonInterestIncome": "None", "otherNonOperatingIncome": "None", "depreciation": "None", "depreciationAndAmortization": "47181000", "incomeBeforeTax": "93942000", "incomeTaxExpense": "22644000", "interestAndDebtExpense": "None", "netIncomeFromContinuingOperations": "0", "comprehensiveIncomeNetOfTax": "None", "ebit": "107399000", "ebitda": "154580000", "netIncome": "71298000"}, {"fiscalDateEnding": "2009-03-31", "reportedCurrency": "USD", "grossProfit": "440228000", "totalRevenue": "1236031000", "costOfRevenue": "795803000", "costofGoodsAndServicesSold": "795803000", "operatingIncome": "152934000", "sellingGeneralAndAdministrative": "44000", "researchAndDevelopment": "0", "operatingExpenses": "274456000", "investmentIncomeNet": "None", "netInterestIncome": "None", "interestIncome": "None", "interestExpense": "24770000", "nonInterestIncome": "None", "otherNonOperatingIncome": "None", "depreciation": "None", "depreciationAndAmortization": "46877000", "incomeBeforeTax": "129038000", "incomeTaxExpense": "53144000", "interestAndDebtExpense": "None", "netIncomeFromContinuingOperations": "0", "comprehensiveIncomeNetOfTax": "None", "ebit": "153211000", "ebitda": "200088000", "netIncome": "75894000"}, {"fiscalDateEnding": "2008-12-31", "reportedCurrency": "USD", "grossProfit": "497526000", "totalRevenue": "1377380000", "costOfRevenue": "879854000", "costofGoodsAndServicesSold": "879854000", "operatingIncome": "153416000", "sellingGeneralAndAdministrative": "284057000", "researchAndDevelopment": "28100000", "operatingExpenses": "284057000", "investmentIncomeNet": "None", "netInterestIncome": "None", "interestIncome": "None", "interestExpense": "26682000", "nonInterestIncome": "None", "otherNonOperatingIncome": "None", "depreciation": "None", "depreciationAndAmortization": "58729000", "incomeBeforeTax": "128451000", "incomeTaxExpense": "46296000", "interestAndDebtExpense": "None", "netIncomeFromContinuingOperations": "0", "comprehensiveIncomeNetOfTax": "None", "ebit": "180523000", "ebitda": "239252000", "netIncome": "82155000"}, {"fiscalDateEnding": "2008-09-30", "reportedCurrency": "USD", "grossProfit": "501229000", "totalRevenue": "1489609000", "costOfRevenue": "988380000", "costofGoodsAndServicesSold": "988380000", "operatingIncome": "219951000", "sellingGeneralAndAdministrative": "1000", "researchAndDevelopment": "0", "operatingExpenses": "272401000", "investmentIncomeNet": "None", "netInterestIncome": "None", "interestIncome": "None", "interestExpense": "24915000", "nonInterestIncome": "None", "otherNonOperatingIncome": "None", "depreciation": "None", "depreciationAndAmortization": "65674000", "incomeBeforeTax": "195036000", "incomeTaxExpense": "70498000", "interestAndDebtExpense": "None", "netIncomeFromContinuingOperations": "0", "comprehensiveIncomeNetOfTax": "None", "ebit": "228828000", "ebitda": "294502000", "netIncome": "124538000"}, {"fiscalDateEnding": "2008-06-30", "reportedCurrency": "USD", "grossProfit": "382511000", "totalRevenue": "1105437000", "costOfRevenue": "722926000", "costofGoodsAndServicesSold": "722926000", "operatingIncome": "94113000", "sellingGeneralAndAdministrative": "12000", "researchAndDevelopment": "0", "operatingExpenses": "266612000", "investmentIncomeNet": "None", "netInterestIncome": "None", "interestIncome": "None", "interestExpense": "23610000", "nonInterestIncome": "None", "otherNonOperatingIncome": "None", "depreciation": "None", "depreciationAndAmortization": "56791000", "incomeBeforeTax": "70503000", "incomeTaxExpense": "29036000", "interestAndDebtExpense": "None", "netIncomeFromContinuingOperations": "0", "comprehensiveIncomeNetOfTax": "None", "ebit": "115899000", "ebitda": "172690000", "netIncome": "41467000"}, {"fiscalDateEnding": "2008-03-31", "reportedCurrency": "USD", "grossProfit": "376452000", "totalRevenue": "1160342000", "costOfRevenue": "783890000", "costofGoodsAndServicesSold": "783890000", "operatingIncome": "122418000", "sellingGeneralAndAdministrative": "49000", "researchAndDevelopment": "0", "operatingExpenses": "249949000", "investmentIncomeNet": "None", "netInterestIncome": "None", "interestIncome": "None", "interestExpense": "24386000", "nonInterestIncome": "None", "otherNonOperatingIncome": "None", "depreciation": "None", "depreciationAndAmortization": "68297000", "incomeBeforeTax": "98032000", "incomeTaxExpense": "34787000", "interestAndDebtExpense": "None", "netIncomeFromContinuingOperations": "0", "comprehensiveIncomeNetOfTax": "None", "ebit": "124487000", "ebitda": "192784000", "netIncome": "63245000"}, {"fiscalDateEnding": "2007-12-31", "reportedCurrency": "USD", "grossProfit": "417477000", "totalRevenue": "1342222000", "costOfRevenue": "924745000", "costofGoodsAndServicesSold": "924745000", "operatingIncome": "127163000", "sellingGeneralAndAdministrative": "232762000", "researchAndDevelopment": "28000000", "operatingExpenses": "232762000", "investmentIncomeNet": "None", "netInterestIncome": "None", "interestIncome": "None", "interestExpense": "31146000", "nonInterestIncome": "None", "otherNonOperatingIncome": "None", "depreciation": "None", "depreciationAndAmortization": "83149000", "incomeBeforeTax": "99101000", "incomeTaxExpense": "44758000", "interestAndDebtExpense": "None", "netIncomeFromContinuingOperations": "0", "comprehensiveIncomeNetOfTax": "None", "ebit": "184715000", "ebitda": "267864000", "netIncome": "54343000"}, {"fiscalDateEnding": "2007-09-30", "reportedCurrency": "USD", "grossProfit": "470623000", "totalRevenue": "1399469000", "costOfRevenue": "928846000", "costofGoodsAndServicesSold": "928846000", "operatingIncome": "128771000", "sellingGeneralAndAdministrative": "229809000", "researchAndDevelopment": "0", "operatingExpenses": "229809000", "investmentIncomeNet": "None", "netInterestIncome": "None", "interestIncome": "None", "interestExpense": "33830000", "nonInterestIncome": "None", "otherNonOperatingIncome": "None", "depreciation": "None", "depreciationAndAmortization": "83773000", "incomeBeforeTax": "95716000", "incomeTaxExpense": "32932000", "interestAndDebtExpense": "None", "netIncomeFromContinuingOperations": "0", "comprehensiveIncomeNetOfTax": "None", "ebit": "240814000", "ebitda": "324587000", "netIncome": "62784000"}, {"fiscalDateEnding": "2007-06-30", "reportedCurrency": "USD", "grossProfit": "329438000", "totalRevenue": "1051916000", "costOfRevenue": "722478000", "costofGoodsAndServicesSold": "722478000", "operatingIncome": "32840000", "sellingGeneralAndAdministrative": "30000", "researchAndDevelopment": "0", "operatingExpenses": "216870000", "investmentIncomeNet": "None", "netInterestIncome": "None", "interestIncome": "None", "interestExpense": "29213000", "nonInterestIncome": "None", "otherNonOperatingIncome": "None", "depreciation": "None", "depreciationAndAmortization": "83896000", "incomeBeforeTax": "3627000", "incomeTaxExpense": "73000", "interestAndDebtExpense": "None", "netIncomeFromContinuingOperations": "0", "comprehensiveIncomeNetOfTax": "None", "ebit": "112568000", "ebitda": "196464000", "netIncome": "3554000"}, {"fiscalDateEnding": "2007-03-31", "reportedCurrency": "USD", "grossProfit": "414031000", "totalRevenue": "1153109000", "costOfRevenue": "739078000", "costofGoodsAndServicesSold": "739078000", "operatingIncome": "170053000", "sellingGeneralAndAdministrative": "33000", "researchAndDevelopment": "0", "operatingExpenses": "216433000", "investmentIncomeNet": "None", "netInterestIncome": "None", "interestIncome": "None", "interestExpense": "28255000", "nonInterestIncome": "None", "otherNonOperatingIncome": "None", "depreciation": "None", "depreciationAndAmortization": "60107000", "incomeBeforeTax": "141798000", "incomeTaxExpense": "48325000", "interestAndDebtExpense": "None", "netIncomeFromContinuingOperations": "0", "comprehensiveIncomeNetOfTax": "None", "ebit": "197598000", "ebitda": "257705000", "netIncome": "93473000"}, {"fiscalDateEnding": "2006-12-31", "reportedCurrency": "USD", "grossProfit": "485780000", "totalRevenue": "1346074000", "costOfRevenue": "860294000", "costofGoodsAndServicesSold": "860294000", "operatingIncome": "280079000", "sellingGeneralAndAdministrative": "200264000", "researchAndDevelopment": "27600000", "operatingExpenses": "200264000", "investmentIncomeNet": "None", "netInterestIncome": "None", "interestIncome": "None", "interestExpense": "32015000", "nonInterestIncome": "None", "otherNonOperatingIncome": "None", "depreciation": "None", "depreciationAndAmortization": "51185000", "incomeBeforeTax": "248551000", "incomeTaxExpense": "92563000", "interestAndDebtExpense": "None", "netIncomeFromContinuingOperations": "0", "comprehensiveIncomeNetOfTax": "None", "ebit": "285516000", "ebitda": "336701000", "netIncome": "155988000"}, {"fiscalDateEnding": "2006-09-30", "reportedCurrency": "USD", "grossProfit": "543190000", "totalRevenue": "1413361000", "costOfRevenue": "870171000", "costofGoodsAndServicesSold": "870171000", "operatingIncome": "319780000", "sellingGeneralAndAdministrative": "42000", "researchAndDevelopment": "0", "operatingExpenses": "221842000", "investmentIncomeNet": "None", "netInterestIncome": "None", "interestIncome": "None", "interestExpense": "31835000", "nonInterestIncome": "None", "otherNonOperatingIncome": "None", "depreciation": "None", "depreciationAndAmortization": "50667000", "incomeBeforeTax": "287945000", "incomeTaxExpense": "104280000", "interestAndDebtExpense": "None", "netIncomeFromContinuingOperations": "0", "comprehensiveIncomeNetOfTax": "None", "ebit": "323627000", "ebitda": "374294000", "netIncome": "185121000"}, {"fiscalDateEnding": "2006-06-30", "reportedCurrency": "USD", "grossProfit": "408692000", "totalRevenue": "1052067000", "costOfRevenue": "643375000", "costofGoodsAndServicesSold": "643375000", "operatingIncome": "182974000", "sellingGeneralAndAdministrative": "22000", "researchAndDevelopment": "0", "operatingExpenses": "221478000", "investmentIncomeNet": "None", "netInterestIncome": "None", "interestIncome": "None", "interestExpense": "27490000", "nonInterestIncome": "None", "otherNonOperatingIncome": "None", "depreciation": "None", "depreciationAndAmortization": "49924000", "incomeBeforeTax": "155484000", "incomeTaxExpense": "57044000", "interestAndDebtExpense": "None", "netIncomeFromContinuingOperations": "0", "comprehensiveIncomeNetOfTax": "None", "ebit": "186512000", "ebitda": "236436000", "netIncome": "97897000"}, {"fiscalDateEnding": "2006-03-31", "reportedCurrency": "USD", "grossProfit": "429850000", "totalRevenue": "1132728000", "costOfRevenue": "702878000", "costofGoodsAndServicesSold": "702878000", "operatingIncome": "209725000", "sellingGeneralAndAdministrative": "6000", "researchAndDevelopment": "0", "operatingExpenses": "216794000", "investmentIncomeNet": "None", "netInterestIncome": "None", "interestIncome": "None", "interestExpense": "25203000", "nonInterestIncome": "None", "otherNonOperatingIncome": "None", "depreciation": "None", "depreciationAndAmortization": "48135000", "incomeBeforeTax": "184522000", "incomeTaxExpense": "63554000", "interestAndDebtExpense": "None", "netIncomeFromContinuingOperations": "0", "comprehensiveIncomeNetOfTax": "None", "ebit": "215348000", "ebitda": "263483000", "netIncome": "122471000"}, {"fiscalDateEnding": "2005-12-31", "reportedCurrency": "USD", "grossProfit": "526649000", "totalRevenue": "1352873000", "costOfRevenue": "826224000", "costofGoodsAndServicesSold": "826224000", "operatingIncome": "268257000", "sellingGeneralAndAdministrative": "246698000", "researchAndDevelopment": "22600000", "operatingExpenses": "246698000", "investmentIncomeNet": "None", "netInterestIncome": "None", "interestIncome": "None", "interestExpense": "24605000", "nonInterestIncome": "None", "otherNonOperatingIncome": "None", "depreciation": "None", "depreciationAndAmortization": "54866000", "incomeBeforeTax": "244002000", "incomeTaxExpense": "85815000", "interestAndDebtExpense": "None", "netIncomeFromContinuingOperations": "0", "comprehensiveIncomeNetOfTax": "None", "ebit": "279951000", "ebitda": "334817000", "netIncome": "158187000"}, {"fiscalDateEnding": "2005-09-30", "reportedCurrency": "USD", "grossProfit": "518754000", "totalRevenue": "1368240000", "costOfRevenue": "849486000", "costofGoodsAndServicesSold": "849486000", "operatingIncome": "213659000", "sellingGeneralAndAdministrative": "7948000", "researchAndDevelopment": "0", "operatingExpenses": "220252000", "investmentIncomeNet": "None", "netInterestIncome": "None", "interestIncome": "None", "interestExpense": "23701000", "nonInterestIncome": "None", "otherNonOperatingIncome": "None", "depreciation": "None", "depreciationAndAmortization": "65205000", "incomeBeforeTax": "189958000", "incomeTaxExpense": "70483000", "interestAndDebtExpense": "None", "netIncomeFromContinuingOperations": "0", "comprehensiveIncomeNetOfTax": "None", "ebit": "290133000", "ebitda": "355338000", "netIncome": "114152000"}, {"fiscalDateEnding": "2005-06-30", "reportedCurrency": "USD", "grossProfit": "393748000", "totalRevenue": "988447000", "costOfRevenue": "594699000", "costofGoodsAndServicesSold": "594699000", "operatingIncome": "173122000", "sellingGeneralAndAdministrative": "6074000", "researchAndDevelopment": "0", "operatingExpenses": "220626000", "investmentIncomeNet": "None", "netInterestIncome": "None", "interestIncome": "None", "interestExpense": "20625000", "nonInterestIncome": "None", "otherNonOperatingIncome": "None", "depreciation": "None", "depreciationAndAmortization": "48711000", "incomeBeforeTax": "152497000", "incomeTaxExpense": "55136000", "interestAndDebtExpense": "None", "netIncomeFromContinuingOperations": "0", "comprehensiveIncomeNetOfTax": "None", "ebit": "173122000", "ebitda": "221833000", "netIncome": "93223000"}, {"fiscalDateEnding": "2005-03-31", "reportedCurrency": "USD", "grossProfit": "431283000", "totalRevenue": "1126414000", "costOfRevenue": "695131000", "costofGoodsAndServicesSold": "695131000", "operatingIncome": "205873000", "sellingGeneralAndAdministrative": "233200000", "researchAndDevelopment": "0", "operatingExpenses": "225410000", "investmentIncomeNet": "None", "netInterestIncome": "None", "interestIncome": "None", "interestExpense": "19404000", "nonInterestIncome": "None", "otherNonOperatingIncome": "None", "depreciation": "None", "depreciationAndAmortization": "49250000", "incomeBeforeTax": "186469000", "incomeTaxExpense": "68248000", "interestAndDebtExpense": "None", "netIncomeFromContinuingOperations": "0", "comprehensiveIncomeNetOfTax": "None", "ebit": "205873000", "ebitda": "255123000", "netIncome": "113022000"}, {"fiscalDateEnding": "2004-12-31", "reportedCurrency": "USD", "grossProfit": "503676000", "totalRevenue": "1267963000", "costOfRevenue": "764287000", "costofGoodsAndServicesSold": "764287000", "operatingIncome": "286526000", "sellingGeneralAndAdministrative": "217150000", "researchAndDevelopment": "23200000", "operatingExpenses": "217150000", "investmentIncomeNet": "None", "netInterestIncome": "None", "interestIncome": "None", "interestExpense": "18190000", "nonInterestIncome": "None", "otherNonOperatingIncome": "None", "depreciation": "None", "depreciationAndAmortization": "48550000", "incomeBeforeTax": "268587000", "incomeTaxExpense": "98301000", "interestAndDebtExpense": "None", "netIncomeFromContinuingOperations": "0", "comprehensiveIncomeNetOfTax": "None", "ebit": "286526000", "ebitda": "335076000", "netIncome": "170286000"}]}