{"symbol": "PEG", "annualReports": [{"fiscalDateEnding": "2024-12-31", "reportedCurrency": "USD", "grossProfit": "3541000000", "totalRevenue": "10290000000", "costOfRevenue": "6749000000", "costofGoodsAndServicesSold": "6749000000", "operatingIncome": "2353000000", "sellingGeneralAndAdministrative": "None", "researchAndDevelopment": "None", "operatingExpenses": "1188000000", "investmentIncomeNet": "None", "netInterestIncome": "-728000000", "interestIncome": "113000000", "interestExpense": "841000000", "nonInterestIncome": "None", "otherNonOperatingIncome": "None", "depreciation": "None", "depreciationAndAmortization": "1373000000", "incomeBeforeTax": "1825000000", "incomeTaxExpense": "53000000", "interestAndDebtExpense": "None", "netIncomeFromContinuingOperations": "1772000000", "comprehensiveIncomeNetOfTax": "None", "ebit": "2720000000", "ebitda": "4093000000", "netIncome": "1772000000"}, {"fiscalDateEnding": "2023-12-31", "reportedCurrency": "USD", "grossProfit": "4827000000", "totalRevenue": "11237000000", "costOfRevenue": "6410000000", "costofGoodsAndServicesSold": "6410000000", "operatingIncome": "3685000000", "sellingGeneralAndAdministrative": "218000000", "researchAndDevelopment": "None", "operatingExpenses": "1142000000", "investmentIncomeNet": "None", "netInterestIncome": "-567000000", "interestIncome": "96000000", "interestExpense": "688000000", "nonInterestIncome": "None", "otherNonOperatingIncome": "None", "depreciation": "None", "depreciationAndAmortization": "1324000000", "incomeBeforeTax": "3081000000", "incomeTaxExpense": "518000000", "interestAndDebtExpense": "None", "netIncomeFromContinuingOperations": "2805000000", "comprehensiveIncomeNetOfTax": "None", "ebit": "3769000000", "ebitda": "5093000000", "netIncome": "2563000000"}, {"fiscalDateEnding": "2022-12-31", "reportedCurrency": "USD", "grossProfit": "2604000000", "totalRevenue": "9800000000", "costOfRevenue": "7196000000", "costofGoodsAndServicesSold": "7196000000", "operatingIncome": "1381000000", "sellingGeneralAndAdministrative": "376000000", "researchAndDevelopment": "None", "operatingExpenses": "1223000000", "investmentIncomeNet": "None", "netInterestIncome": "-628000000", "interestIncome": "879000000", "interestExpense": "563000000", "nonInterestIncome": "None", "otherNonOperatingIncome": "-127000000", "depreciation": "None", "depreciationAndAmortization": "1283000000", "incomeBeforeTax": "1002000000", "incomeTaxExpense": "-29000000", "interestAndDebtExpense": "None", "netIncomeFromContinuingOperations": "1031000000", "comprehensiveIncomeNetOfTax": "None", "ebit": "1565000000", "ebitda": "2848000000", "netIncome": "1031000000"}, {"fiscalDateEnding": "2021-12-31", "reportedCurrency": "USD", "grossProfit": "2997000000", "totalRevenue": "9722000000", "costOfRevenue": "6725000000", "costofGoodsAndServicesSold": "6725000000", "operatingIncome": "-856000000", "sellingGeneralAndAdministrative": "328000000", "researchAndDevelopment": "None", "operatingExpenses": "3853000000", "investmentIncomeNet": "None", "netInterestIncome": "-428000000", "interestIncome": "289000000", "interestExpense": "500000000", "nonInterestIncome": "None", "otherNonOperatingIncome": "10000000", "depreciation": "None", "depreciationAndAmortization": "1403000000", "incomeBeforeTax": "-1089000000", "incomeTaxExpense": "-441000000", "interestAndDebtExpense": "None", "netIncomeFromContinuingOperations": "-648000000", "comprehensiveIncomeNetOfTax": "None", "ebit": "-589000000", "ebitda": "814000000", "netIncome": "-648000000"}, {"fiscalDateEnding": "2020-12-31", "reportedCurrency": "USD", "grossProfit": "3432000000", "totalRevenue": "9603000000", "costOfRevenue": "6171000000", "costofGoodsAndServicesSold": "6171000000", "operatingIncome": "2270000000", "sellingGeneralAndAdministrative": "3115000000", "researchAndDevelopment": "None", "operatingExpenses": "1162000000", "investmentIncomeNet": "None", "netInterestIncome": "-600000000", "interestIncome": "266000000", "interestExpense": "513000000", "nonInterestIncome": "None", "otherNonOperatingIncome": "382000000", "depreciation": "None", "depreciationAndAmortization": "1469000000", "incomeBeforeTax": "2301000000", "incomeTaxExpense": "396000000", "interestAndDebtExpense": "None", "netIncomeFromContinuingOperations": "1905000000", "comprehensiveIncomeNetOfTax": "None", "ebit": "2814000000", "ebitda": "4283000000", "netIncome": "1905000000"}, {"fiscalDateEnding": "2019-12-31", "reportedCurrency": "USD", "grossProfit": "3593000000", "totalRevenue": "10076000000", "costOfRevenue": "6483000000", "costofGoodsAndServicesSold": "6483000000", "operatingIncome": "1943000000", "sellingGeneralAndAdministrative": "3111000000", "researchAndDevelopment": "None", "operatingExpenses": "1650000000", "investmentIncomeNet": "None", "netInterestIncome": "-553000000", "interestIncome": "16000000", "interestExpense": "510000000", "nonInterestIncome": "None", "otherNonOperatingIncome": "399000000", "depreciation": "None", "depreciationAndAmortization": "1426000000", "incomeBeforeTax": "1950000000", "incomeTaxExpense": "257000000", "interestAndDebtExpense": "None", "netIncomeFromContinuingOperations": "1693000000", "comprehensiveIncomeNetOfTax": "None", "ebit": "2460000000", "ebitda": "3886000000", "netIncome": "1693000000"}, {"fiscalDateEnding": "2018-12-31", "reportedCurrency": "USD", "grossProfit": "3456000000", "totalRevenue": "9696000000", "costOfRevenue": "6240000000", "costofGoodsAndServicesSold": "6240000000", "operatingIncome": "2298000000", "sellingGeneralAndAdministrative": "3015000000", "researchAndDevelopment": "0", "operatingExpenses": "1104000000", "investmentIncomeNet": "None", "netInterestIncome": "-458000000", "interestIncome": "18000000", "interestExpense": "476000000", "nonInterestIncome": "None", "otherNonOperatingIncome": "-43000000", "depreciation": "None", "depreciationAndAmortization": "1345000000", "incomeBeforeTax": "1855000000", "incomeTaxExpense": "417000000", "interestAndDebtExpense": "None", "netIncomeFromContinuingOperations": "1438000000", "comprehensiveIncomeNetOfTax": "None", "ebit": "2331000000", "ebitda": "3676000000", "netIncome": "1438000000"}, {"fiscalDateEnding": "2017-12-31", "reportedCurrency": "USD", "grossProfit": "3415000000", "totalRevenue": "9084000000", "costOfRevenue": "5669000000", "costofGoodsAndServicesSold": "5669000000", "operatingIncome": "1429000000", "sellingGeneralAndAdministrative": "2869000000", "researchAndDevelopment": "0", "operatingExpenses": "1986000000", "investmentIncomeNet": "None", "netInterestIncome": "-370000000", "interestIncome": "21000000", "interestExpense": "391000000", "nonInterestIncome": "None", "otherNonOperatingIncome": "242000000", "depreciation": "None", "depreciationAndAmortization": "2185000000", "incomeBeforeTax": "1268000000", "incomeTaxExpense": "-306000000", "interestAndDebtExpense": "None", "netIncomeFromContinuingOperations": "1574000000", "comprehensiveIncomeNetOfTax": "None", "ebit": "1659000000", "ebitda": "3844000000", "netIncome": "1574000000"}, {"fiscalDateEnding": "2016-12-31", "reportedCurrency": "USD", "grossProfit": "3052000000", "totalRevenue": "9061000000", "costOfRevenue": "6009000000", "costofGoodsAndServicesSold": "6009000000", "operatingIncome": "1598000000", "sellingGeneralAndAdministrative": "3008000000", "researchAndDevelopment": "0", "operatingExpenses": "1476000000", "investmentIncomeNet": "None", "netInterestIncome": "-363000000", "interestIncome": "22000000", "interestExpense": "385000000", "nonInterestIncome": "None", "otherNonOperatingIncome": "135000000", "depreciation": "None", "depreciationAndAmortization": "1679000000", "incomeBeforeTax": "1298000000", "incomeTaxExpense": "411000000", "interestAndDebtExpense": "None", "netIncomeFromContinuingOperations": "1737000000", "comprehensiveIncomeNetOfTax": "None", "ebit": "1683000000", "ebitda": "3362000000", "netIncome": "887000000"}, {"fiscalDateEnding": "2015-12-31", "reportedCurrency": "USD", "grossProfit": "4176000000", "totalRevenue": "10415000000", "costOfRevenue": "6239000000", "costofGoodsAndServicesSold": "6239000000", "operatingIncome": "2962000000", "sellingGeneralAndAdministrative": "2978000000", "researchAndDevelopment": "0", "operatingExpenses": "1214000000", "investmentIncomeNet": "None", "netInterestIncome": "None", "interestIncome": "265000000", "interestExpense": "393000000", "nonInterestIncome": "None", "otherNonOperatingIncome": "164000000", "depreciation": "None", "depreciationAndAmortization": "1427000000", "incomeBeforeTax": "2680000000", "incomeTaxExpense": "1001000000", "interestAndDebtExpense": "None", "netIncomeFromContinuingOperations": "3734000000", "comprehensiveIncomeNetOfTax": "None", "ebit": "3073000000", "ebitda": "4500000000", "netIncome": "1679000000"}, {"fiscalDateEnding": "2014-12-31", "reportedCurrency": "USD", "grossProfit": "3850000000", "totalRevenue": "10886000000", "costOfRevenue": "7036000000", "costofGoodsAndServicesSold": "7036000000", "operatingIncome": "2623000000", "sellingGeneralAndAdministrative": "3150000000", "researchAndDevelopment": "0", "operatingExpenses": "1227000000", "investmentIncomeNet": "None", "netInterestIncome": "None", "interestIncome": "None", "interestExpense": "389000000", "nonInterestIncome": "None", "otherNonOperatingIncome": "242000000", "depreciation": "None", "depreciationAndAmortization": "1427000000", "incomeBeforeTax": "2456000000", "incomeTaxExpense": "938000000", "interestAndDebtExpense": "None", "netIncomeFromContinuingOperations": "3414000000", "comprehensiveIncomeNetOfTax": "None", "ebit": "2845000000", "ebitda": "4272000000", "netIncome": "1518000000"}, {"fiscalDateEnding": "2013-12-31", "reportedCurrency": "USD", "grossProfit": "3545000000", "totalRevenue": "9968000000", "costOfRevenue": "6423000000", "costofGoodsAndServicesSold": "6423000000", "operatingIncome": "2299000000", "sellingGeneralAndAdministrative": "2955000000", "researchAndDevelopment": "0", "operatingExpenses": "1246000000", "investmentIncomeNet": "None", "netInterestIncome": "None", "interestIncome": "None", "interestExpense": "402000000", "nonInterestIncome": "None", "otherNonOperatingIncome": "170000000", "depreciation": "None", "depreciationAndAmortization": "1370000000", "incomeBeforeTax": "2055000000", "incomeTaxExpense": "812000000", "interestAndDebtExpense": "None", "netIncomeFromContinuingOperations": "1243000000", "comprehensiveIncomeNetOfTax": "None", "ebit": "2457000000", "ebitda": "3827000000", "netIncome": "1243000000"}, {"fiscalDateEnding": "2012-12-31", "reportedCurrency": "USD", "grossProfit": "3430000000", "totalRevenue": "9781000000", "costOfRevenue": "6351000000", "costofGoodsAndServicesSold": "6351000000", "operatingIncome": "2278000000", "sellingGeneralAndAdministrative": "0", "researchAndDevelopment": "0", "operatingExpenses": "1152000000", "investmentIncomeNet": "None", "netInterestIncome": "None", "interestIncome": "None", "interestExpense": "423000000", "nonInterestIncome": "None", "otherNonOperatingIncome": "None", "depreciation": "None", "depreciationAndAmortization": "1227000000", "incomeBeforeTax": "2011000000", "incomeTaxExpense": "736000000", "interestAndDebtExpense": "None", "netIncomeFromContinuingOperations": "None", "comprehensiveIncomeNetOfTax": "None", "ebit": "2434000000", "ebitda": "3661000000", "netIncome": "1275000000"}, {"fiscalDateEnding": "2011-12-31", "reportedCurrency": "USD", "grossProfit": "6332000000", "totalRevenue": "11079000000", "costOfRevenue": "4747000000", "costofGoodsAndServicesSold": "4747000000", "operatingIncome": "2742000000", "sellingGeneralAndAdministrative": "0", "researchAndDevelopment": "0", "operatingExpenses": "1109000000", "investmentIncomeNet": "None", "netInterestIncome": "None", "interestIncome": "None", "interestExpense": "475000000", "nonInterestIncome": "None", "otherNonOperatingIncome": "None", "depreciation": "None", "depreciationAndAmortization": "1135000000", "incomeBeforeTax": "2384000000", "incomeTaxExpense": "977000000", "interestAndDebtExpense": "None", "netIncomeFromContinuingOperations": "None", "comprehensiveIncomeNetOfTax": "None", "ebit": "2859000000", "ebitda": "3994000000", "netIncome": "1503000000"}, {"fiscalDateEnding": "2010-12-31", "reportedCurrency": "USD", "grossProfit": "6532000000", "totalRevenue": "11793000000", "costOfRevenue": "5261000000", "costofGoodsAndServicesSold": "5261000000", "operatingIncome": "2937000000", "sellingGeneralAndAdministrative": "0", "researchAndDevelopment": "0", "operatingExpenses": "1091000000", "investmentIncomeNet": "None", "netInterestIncome": "None", "interestIncome": "None", "interestExpense": "472000000", "nonInterestIncome": "None", "otherNonOperatingIncome": "None", "depreciation": "None", "depreciationAndAmortization": "1110000000", "incomeBeforeTax": "2616000000", "incomeTaxExpense": "1059000000", "interestAndDebtExpense": "None", "netIncomeFromContinuingOperations": "None", "comprehensiveIncomeNetOfTax": "None", "ebit": "3088000000", "ebitda": "4198000000", "netIncome": "1564000000"}, {"fiscalDateEnding": "2009-12-31", "reportedCurrency": "USD", "grossProfit": "6695000000", "totalRevenue": "12406000000", "costOfRevenue": "5711000000", "costofGoodsAndServicesSold": "5711000000", "operatingIncome": "3116000000", "sellingGeneralAndAdministrative": "0", "researchAndDevelopment": "0", "operatingExpenses": "3486000000", "investmentIncomeNet": "None", "netInterestIncome": "None", "interestIncome": "None", "interestExpense": "521000000", "nonInterestIncome": "None", "otherNonOperatingIncome": "None", "depreciation": "None", "depreciationAndAmortization": "838000000", "incomeBeforeTax": "2636000000", "incomeTaxExpense": "1044000000", "interestAndDebtExpense": "None", "netIncomeFromContinuingOperations": "None", "comprehensiveIncomeNetOfTax": "None", "ebit": "3157000000", "ebitda": "3995000000", "netIncome": "1592000000"}, {"fiscalDateEnding": "2008-12-31", "reportedCurrency": "USD", "grossProfit": "6027000000", "totalRevenue": "13322000000", "costOfRevenue": "7295000000", "costofGoodsAndServicesSold": "7295000000", "operatingIncome": "2484000000", "sellingGeneralAndAdministrative": "None", "researchAndDevelopment": "None", "operatingExpenses": "3325000000", "investmentIncomeNet": "None", "netInterestIncome": "None", "interestIncome": "None", "interestExpense": "566000000", "nonInterestIncome": "None", "otherNonOperatingIncome": "None", "depreciation": "None", "depreciationAndAmortization": "793000000", "incomeBeforeTax": "1913000000", "incomeTaxExpense": "926000000", "interestAndDebtExpense": "None", "netIncomeFromContinuingOperations": "None", "comprehensiveIncomeNetOfTax": "None", "ebit": "2372000000", "ebitda": "3165000000", "netIncome": "1192000000"}, {"fiscalDateEnding": "2007-12-31", "reportedCurrency": "USD", "grossProfit": "6330000000", "totalRevenue": "12853000000", "costOfRevenue": "6523000000", "costofGoodsAndServicesSold": "6523000000", "operatingIncome": "2926000000", "sellingGeneralAndAdministrative": "None", "researchAndDevelopment": "None", "operatingExpenses": "3404000000", "investmentIncomeNet": "None", "netInterestIncome": "None", "interestIncome": "None", "interestExpense": "897000000", "nonInterestIncome": "None", "otherNonOperatingIncome": "None", "depreciation": "None", "depreciationAndAmortization": "897000000", "incomeBeforeTax": "2379000000", "incomeTaxExpense": "1060000000", "interestAndDebtExpense": "None", "netIncomeFromContinuingOperations": "None", "comprehensiveIncomeNetOfTax": "None", "ebit": "2926000000", "ebitda": "3823000000", "netIncome": "1335000000"}, {"fiscalDateEnding": "2006-12-31", "reportedCurrency": "USD", "grossProfit": "5395000000", "totalRevenue": "12164000000", "costOfRevenue": "6769000000", "costofGoodsAndServicesSold": "6769000000", "operatingIncome": "1726000000", "sellingGeneralAndAdministrative": "None", "researchAndDevelopment": "None", "operatingExpenses": "3483000000", "investmentIncomeNet": "None", "netInterestIncome": "None", "interestIncome": "None", "interestExpense": "947000000", "nonInterestIncome": "None", "otherNonOperatingIncome": "None", "depreciation": "None", "depreciationAndAmortization": "947000000", "incomeBeforeTax": "1206000000", "incomeTaxExpense": "454000000", "interestAndDebtExpense": "None", "netIncomeFromContinuingOperations": "None", "comprehensiveIncomeNetOfTax": "None", "ebit": "1726000000", "ebitda": "2673000000", "netIncome": "739000000"}, {"fiscalDateEnding": "2005-12-31", "reportedCurrency": "USD", "grossProfit": "5157000000", "totalRevenue": "12430000000", "costOfRevenue": "7273000000", "costofGoodsAndServicesSold": "7273000000", "operatingIncome": "1888000000", "sellingGeneralAndAdministrative": "None", "researchAndDevelopment": "None", "operatingExpenses": "3079000000", "investmentIncomeNet": "None", "netInterestIncome": "None", "interestIncome": "None", "interestExpense": "859000000", "nonInterestIncome": "None", "otherNonOperatingIncome": "None", "depreciation": "None", "depreciationAndAmortization": "861000000", "incomeBeforeTax": "1399000000", "incomeTaxExpense": "541000000", "interestAndDebtExpense": "None", "netIncomeFromContinuingOperations": "None", "comprehensiveIncomeNetOfTax": "None", "ebit": "1888000000", "ebitda": "2749000000", "netIncome": "661000000"}], "quarterlyReports": [{"fiscalDateEnding": "2024-12-31", "reportedCurrency": "USD", "grossProfit": "759000000", "totalRevenue": "2465000000", "costOfRevenue": "1706000000", "costofGoodsAndServicesSold": "1706000000", "operatingIncome": "445000000", "sellingGeneralAndAdministrative": "None", "researchAndDevelopment": "None", "operatingExpenses": "314000000", "investmentIncomeNet": "None", "netInterestIncome": "-169000000", "interestIncome": "22000000", "interestExpense": "191000000", "nonInterestIncome": "None", "otherNonOperatingIncome": "None", "depreciation": "None", "depreciationAndAmortization": "354000000", "incomeBeforeTax": "200000000", "incomeTaxExpense": "-86000000", "interestAndDebtExpense": "None", "netIncomeFromContinuingOperations": "286000000", "comprehensiveIncomeNetOfTax": "None", "ebit": "391000000", "ebitda": "745000000", "netIncome": "286000000"}, {"fiscalDateEnding": "2024-09-30", "reportedCurrency": "USD", "grossProfit": "935000000", "totalRevenue": "2642000000", "costOfRevenue": "1707000000", "costofGoodsAndServicesSold": "1707000000", "operatingIncome": "641000000", "sellingGeneralAndAdministrative": "None", "researchAndDevelopment": "None", "operatingExpenses": "294000000", "investmentIncomeNet": "None", "netInterestIncome": "-198000000", "interestIncome": "29000000", "interestExpense": "227000000", "nonInterestIncome": "None", "otherNonOperatingIncome": "None", "depreciation": "None", "depreciationAndAmortization": "346000000", "incomeBeforeTax": "559000000", "incomeTaxExpense": "39000000", "interestAndDebtExpense": "None", "netIncomeFromContinuingOperations": "520000000", "comprehensiveIncomeNetOfTax": "None", "ebit": "786000000", "ebitda": "1132000000", "netIncome": "520000000"}, {"fiscalDateEnding": "2024-06-30", "reportedCurrency": "USD", "grossProfit": "867000000", "totalRevenue": "2423000000", "costOfRevenue": "1556000000", "costofGoodsAndServicesSold": "1556000000", "operatingIncome": "582000000", "sellingGeneralAndAdministrative": "18000000", "researchAndDevelopment": "None", "operatingExpenses": "285000000", "investmentIncomeNet": "None", "netInterestIncome": "-182000000", "interestIncome": "36000000", "interestExpense": "218000000", "nonInterestIncome": "None", "otherNonOperatingIncome": "None", "depreciation": "None", "depreciationAndAmortization": "327000000", "incomeBeforeTax": "437000000", "incomeTaxExpense": "3000000", "interestAndDebtExpense": "None", "netIncomeFromContinuingOperations": "434000000", "comprehensiveIncomeNetOfTax": "None", "ebit": "655000000", "ebitda": "982000000", "netIncome": "434000000"}, {"fiscalDateEnding": "2024-03-31", "reportedCurrency": "USD", "grossProfit": "980000000", "totalRevenue": "2760000000", "costOfRevenue": "1780000000", "costofGoodsAndServicesSold": "1780000000", "operatingIncome": "685000000", "sellingGeneralAndAdministrative": "19000000", "researchAndDevelopment": "None", "operatingExpenses": "295000000", "investmentIncomeNet": "None", "netInterestIncome": "-179000000", "interestIncome": "26000000", "interestExpense": "205000000", "nonInterestIncome": "None", "otherNonOperatingIncome": "None", "depreciation": "None", "depreciationAndAmortization": "346000000", "incomeBeforeTax": "629000000", "incomeTaxExpense": "97000000", "interestAndDebtExpense": "None", "netIncomeFromContinuingOperations": "532000000", "comprehensiveIncomeNetOfTax": "None", "ebit": "834000000", "ebitda": "1180000000", "netIncome": "532000000"}, {"fiscalDateEnding": "2023-12-31", "reportedCurrency": "USD", "grossProfit": "991000000", "totalRevenue": "2605000000", "costOfRevenue": "1614000000", "costofGoodsAndServicesSold": "1614000000", "operatingIncome": "692000000", "sellingGeneralAndAdministrative": "None", "researchAndDevelopment": "None", "operatingExpenses": "299000000", "investmentIncomeNet": "None", "netInterestIncome": "-105000000", "interestIncome": "33000000", "interestExpense": "138000000", "nonInterestIncome": "None", "otherNonOperatingIncome": "None", "depreciation": "None", "depreciationAndAmortization": "337000000", "incomeBeforeTax": "687000000", "incomeTaxExpense": "141000000", "interestAndDebtExpense": "None", "netIncomeFromContinuingOperations": "546000000", "comprehensiveIncomeNetOfTax": "None", "ebit": "825000000", "ebitda": "1162000000", "netIncome": "546000000"}, {"fiscalDateEnding": "2023-09-30", "reportedCurrency": "USD", "grossProfit": "833000000", "totalRevenue": "2456000000", "costOfRevenue": "1623000000", "costofGoodsAndServicesSold": "1623000000", "operatingIncome": "551000000", "sellingGeneralAndAdministrative": "None", "researchAndDevelopment": "None", "operatingExpenses": "282000000", "investmentIncomeNet": "None", "netInterestIncome": "-185000000", "interestIncome": "225000000", "interestExpense": "185000000", "nonInterestIncome": "None", "otherNonOperatingIncome": "None", "depreciation": "None", "depreciationAndAmortization": "332000000", "incomeBeforeTax": "65000000", "incomeTaxExpense": "-74000000", "interestAndDebtExpense": "None", "netIncomeFromContinuingOperations": "139000000", "comprehensiveIncomeNetOfTax": "None", "ebit": "250000000", "ebitda": "582000000", "netIncome": "139000000"}, {"fiscalDateEnding": "2023-06-30", "reportedCurrency": "USD", "grossProfit": "1073000000", "totalRevenue": "2421000000", "costOfRevenue": "1348000000", "costofGoodsAndServicesSold": "1348000000", "operatingIncome": "794000000", "sellingGeneralAndAdministrative": "29000000", "researchAndDevelopment": "None", "operatingExpenses": "279000000", "investmentIncomeNet": "None", "netInterestIncome": "-185000000", "interestIncome": "107000000", "interestExpense": "185000000", "nonInterestIncome": "None", "otherNonOperatingIncome": "106000000", "depreciation": "None", "depreciationAndAmortization": "325000000", "incomeBeforeTax": "744000000", "incomeTaxExpense": "153000000", "interestAndDebtExpense": "None", "netIncomeFromContinuingOperations": "591000000", "comprehensiveIncomeNetOfTax": "None", "ebit": "929000000", "ebitda": "1254000000", "netIncome": "591000000"}, {"fiscalDateEnding": "2023-03-31", "reportedCurrency": "USD", "grossProfit": "1930000000", "totalRevenue": "3755000000", "costOfRevenue": "1825000000", "costofGoodsAndServicesSold": "1825000000", "operatingIncome": "1648000000", "sellingGeneralAndAdministrative": "28000000", "researchAndDevelopment": "None", "operatingExpenses": "282000000", "investmentIncomeNet": "None", "netInterestIncome": "-180000000", "interestIncome": "116000000", "interestExpense": "180000000", "nonInterestIncome": "None", "otherNonOperatingIncome": "89000000", "depreciation": "None", "depreciationAndAmortization": "330000000", "incomeBeforeTax": "1585000000", "incomeTaxExpense": "298000000", "interestAndDebtExpense": "None", "netIncomeFromContinuingOperations": "1287000000", "comprehensiveIncomeNetOfTax": "None", "ebit": "1765000000", "ebitda": "2095000000", "netIncome": "1287000000"}, {"fiscalDateEnding": "2022-12-31", "reportedCurrency": "USD", "grossProfit": "1275000000", "totalRevenue": "3139000000", "costOfRevenue": "1864000000", "costofGoodsAndServicesSold": "1864000000", "operatingIncome": "964000000", "sellingGeneralAndAdministrative": "None", "researchAndDevelopment": "None", "operatingExpenses": "311000000", "investmentIncomeNet": "None", "netInterestIncome": "-178000000", "interestIncome": "93000000", "interestExpense": "113000000", "nonInterestIncome": "None", "otherNonOperatingIncome": "None", "depreciation": "None", "depreciationAndAmortization": "320000000", "incomeBeforeTax": "1003000000", "incomeTaxExpense": "215000000", "interestAndDebtExpense": "None", "netIncomeFromContinuingOperations": "788000000", "comprehensiveIncomeNetOfTax": "None", "ebit": "1116000000", "ebitda": "1436000000", "netIncome": "788000000"}, {"fiscalDateEnding": "2022-09-30", "reportedCurrency": "USD", "grossProfit": "495000000", "totalRevenue": "2272000000", "costOfRevenue": "1777000000", "costofGoodsAndServicesSold": "1777000000", "operatingIncome": "173000000", "sellingGeneralAndAdministrative": "None", "researchAndDevelopment": "None", "operatingExpenses": "322000000", "investmentIncomeNet": "None", "netInterestIncome": "-144000000", "interestIncome": "255000000", "interestExpense": "163000000", "nonInterestIncome": "None", "otherNonOperatingIncome": "None", "depreciation": "None", "depreciationAndAmortization": "318000000", "incomeBeforeTax": "55000000", "incomeTaxExpense": "-59000000", "interestAndDebtExpense": "None", "netIncomeFromContinuingOperations": "114000000", "comprehensiveIncomeNetOfTax": "None", "ebit": "218000000", "ebitda": "536000000", "netIncome": "114000000"}, {"fiscalDateEnding": "2022-06-30", "reportedCurrency": "USD", "grossProfit": "560000000", "totalRevenue": "2076000000", "costOfRevenue": "1516000000", "costofGoodsAndServicesSold": "1516000000", "operatingIncome": "296000000", "sellingGeneralAndAdministrative": "None", "researchAndDevelopment": "None", "operatingExpenses": "264000000", "investmentIncomeNet": "None", "netInterestIncome": "-116000000", "interestIncome": "19000000", "interestExpense": "150000000", "nonInterestIncome": "None", "otherNonOperatingIncome": "-142000000", "depreciation": "None", "depreciationAndAmortization": "312000000", "incomeBeforeTax": "98000000", "incomeTaxExpense": "-33000000", "interestAndDebtExpense": "None", "netIncomeFromContinuingOperations": "131000000", "comprehensiveIncomeNetOfTax": "None", "ebit": "248000000", "ebitda": "560000000", "netIncome": "131000000"}, {"fiscalDateEnding": "2022-03-31", "reportedCurrency": "USD", "grossProfit": "274000000", "totalRevenue": "2313000000", "costOfRevenue": "2039000000", "costofGoodsAndServicesSold": "2039000000", "operatingIncome": "-52000000", "sellingGeneralAndAdministrative": "None", "researchAndDevelopment": "None", "operatingExpenses": "326000000", "investmentIncomeNet": "None", "netInterestIncome": "-105000000", "interestIncome": "17000000", "interestExpense": "137000000", "nonInterestIncome": "None", "otherNonOperatingIncome": "-59000000", "depreciation": "None", "depreciationAndAmortization": "333000000", "incomeBeforeTax": "-154000000", "incomeTaxExpense": "-152000000", "interestAndDebtExpense": "None", "netIncomeFromContinuingOperations": "-2000000", "comprehensiveIncomeNetOfTax": "None", "ebit": "-17000000", "ebitda": "316000000", "netIncome": "-2000000"}, {"fiscalDateEnding": "2021-12-31", "reportedCurrency": "USD", "grossProfit": "1194000000", "totalRevenue": "3056000000", "costOfRevenue": "1862000000", "costofGoodsAndServicesSold": "1862000000", "operatingIncome": "902000000", "sellingGeneralAndAdministrative": "None", "researchAndDevelopment": "None", "operatingExpenses": "292000000", "investmentIncomeNet": "None", "netInterestIncome": "-104000000", "interestIncome": "43000000", "interestExpense": "63000000", "nonInterestIncome": "None", "otherNonOperatingIncome": "-676000000", "depreciation": "None", "depreciationAndAmortization": "314000000", "incomeBeforeTax": "631000000", "incomeTaxExpense": "186000000", "interestAndDebtExpense": "None", "netIncomeFromContinuingOperations": "445000000", "comprehensiveIncomeNetOfTax": "None", "ebit": "694000000", "ebitda": "1008000000", "netIncome": "445000000"}, {"fiscalDateEnding": "2021-09-30", "reportedCurrency": "USD", "grossProfit": "236000000", "totalRevenue": "1903000000", "costOfRevenue": "1667000000", "costofGoodsAndServicesSold": "1667000000", "operatingIncome": "-2205000000", "sellingGeneralAndAdministrative": "None", "researchAndDevelopment": "None", "operatingExpenses": "2441000000", "investmentIncomeNet": "None", "netInterestIncome": "-107000000", "interestIncome": "21000000", "interestExpense": "144000000", "nonInterestIncome": "None", "otherNonOperatingIncome": "21000000", "depreciation": "None", "depreciationAndAmortization": "332000000", "incomeBeforeTax": "-2246000000", "incomeTaxExpense": "-682000000", "interestAndDebtExpense": "None", "netIncomeFromContinuingOperations": "-1564000000", "comprehensiveIncomeNetOfTax": "None", "ebit": "-2102000000", "ebitda": "-1770000000", "netIncome": "-1564000000"}, {"fiscalDateEnding": "2021-06-30", "reportedCurrency": "USD", "grossProfit": "485000000", "totalRevenue": "1874000000", "costOfRevenue": "1389000000", "costofGoodsAndServicesSold": "1389000000", "operatingIncome": "-294000000", "sellingGeneralAndAdministrative": "None", "researchAndDevelopment": "None", "operatingExpenses": "779000000", "investmentIncomeNet": "None", "netInterestIncome": "-147000000", "interestIncome": "60000000", "interestExpense": "128000000", "nonInterestIncome": "None", "otherNonOperatingIncome": "577000000", "depreciation": "None", "depreciationAndAmortization": "367000000", "incomeBeforeTax": "-239000000", "incomeTaxExpense": "-62000000", "interestAndDebtExpense": "None", "netIncomeFromContinuingOperations": "-177000000", "comprehensiveIncomeNetOfTax": "None", "ebit": "-111000000", "ebitda": "256000000", "netIncome": "-177000000"}, {"fiscalDateEnding": "2021-03-31", "reportedCurrency": "USD", "grossProfit": "1082000000", "totalRevenue": "2889000000", "costOfRevenue": "1807000000", "costofGoodsAndServicesSold": "1807000000", "operatingIncome": "741000000", "sellingGeneralAndAdministrative": "None", "researchAndDevelopment": "None", "operatingExpenses": "341000000", "investmentIncomeNet": "None", "netInterestIncome": "-107000000", "interestIncome": "16000000", "interestExpense": "146000000", "nonInterestIncome": "None", "otherNonOperatingIncome": "88000000", "depreciation": "None", "depreciationAndAmortization": "390000000", "incomeBeforeTax": "765000000", "incomeTaxExpense": "117000000", "interestAndDebtExpense": "None", "netIncomeFromContinuingOperations": "648000000", "comprehensiveIncomeNetOfTax": "None", "ebit": "911000000", "ebitda": "1301000000", "netIncome": "648000000"}, {"fiscalDateEnding": "2020-12-31", "reportedCurrency": "USD", "grossProfit": "761000000", "totalRevenue": "2402000000", "costOfRevenue": "1641000000", "costofGoodsAndServicesSold": "1641000000", "operatingIncome": "433000000", "sellingGeneralAndAdministrative": "3115000000", "researchAndDevelopment": "None", "operatingExpenses": "328000000", "investmentIncomeNet": "None", "netInterestIncome": "-147000000", "interestIncome": "40000000", "interestExpense": "147000000", "nonInterestIncome": "None", "otherNonOperatingIncome": "326000000", "depreciation": "None", "depreciationAndAmortization": "369000000", "incomeBeforeTax": "553000000", "incomeTaxExpense": "122000000", "interestAndDebtExpense": "None", "netIncomeFromContinuingOperations": "431000000", "comprehensiveIncomeNetOfTax": "None", "ebit": "700000000", "ebitda": "1069000000", "netIncome": "431000000"}, {"fiscalDateEnding": "2020-09-30", "reportedCurrency": "USD", "grossProfit": "828000000", "totalRevenue": "2370000000", "costOfRevenue": "1542000000", "costofGoodsAndServicesSold": "1542000000", "operatingIncome": "633000000", "sellingGeneralAndAdministrative": "None", "researchAndDevelopment": "None", "operatingExpenses": "195000000", "investmentIncomeNet": "None", "netInterestIncome": "-149000000", "interestIncome": "23000000", "interestExpense": "149000000", "nonInterestIncome": "None", "otherNonOperatingIncome": "28000000", "depreciation": "None", "depreciationAndAmortization": "368000000", "incomeBeforeTax": "696000000", "incomeTaxExpense": "121000000", "interestAndDebtExpense": "None", "netIncomeFromContinuingOperations": "575000000", "comprehensiveIncomeNetOfTax": "None", "ebit": "845000000", "ebitda": "1213000000", "netIncome": "575000000"}, {"fiscalDateEnding": "2020-06-30", "reportedCurrency": "USD", "grossProfit": "722000000", "totalRevenue": "2050000000", "costOfRevenue": "1328000000", "costofGoodsAndServicesSold": "1328000000", "operatingIncome": "407000000", "sellingGeneralAndAdministrative": "None", "researchAndDevelopment": "None", "operatingExpenses": "315000000", "investmentIncomeNet": "None", "netInterestIncome": "-113000000", "interestIncome": "18000000", "interestExpense": "131000000", "nonInterestIncome": "None", "otherNonOperatingIncome": "242000000", "depreciation": "None", "depreciationAndAmortization": "361000000", "incomeBeforeTax": "560000000", "incomeTaxExpense": "109000000", "interestAndDebtExpense": "None", "netIncomeFromContinuingOperations": "451000000", "comprehensiveIncomeNetOfTax": "None", "ebit": "691000000", "ebitda": "1052000000", "netIncome": "451000000"}, {"fiscalDateEnding": "2020-03-31", "reportedCurrency": "USD", "grossProfit": "1121000000", "totalRevenue": "2781000000", "costOfRevenue": "1660000000", "costofGoodsAndServicesSold": "1660000000", "operatingIncome": "797000000", "sellingGeneralAndAdministrative": "None", "researchAndDevelopment": "None", "operatingExpenses": "324000000", "investmentIncomeNet": "None", "netInterestIncome": "-153000000", "interestIncome": "354000000", "interestExpense": "132000000", "nonInterestIncome": "None", "otherNonOperatingIncome": "-214000000", "depreciation": "None", "depreciationAndAmortization": "371000000", "incomeBeforeTax": "492000000", "incomeTaxExpense": "44000000", "interestAndDebtExpense": "None", "netIncomeFromContinuingOperations": "448000000", "comprehensiveIncomeNetOfTax": "None", "ebit": "624000000", "ebitda": "995000000", "netIncome": "448000000"}, {"fiscalDateEnding": "2019-12-31", "reportedCurrency": "USD", "grossProfit": "827000000", "totalRevenue": "2478000000", "costOfRevenue": "1651000000", "costofGoodsAndServicesSold": "1651000000", "operatingIncome": "507000000", "sellingGeneralAndAdministrative": "860000000", "researchAndDevelopment": "None", "operatingExpenses": "320000000", "investmentIncomeNet": "None", "netInterestIncome": "-136000000", "interestIncome": "35000000", "interestExpense": "152000000", "nonInterestIncome": "None", "otherNonOperatingIncome": "124000000", "depreciation": "None", "depreciationAndAmortization": "361000000", "incomeBeforeTax": "535000000", "incomeTaxExpense": "98000000", "interestAndDebtExpense": "None", "netIncomeFromContinuingOperations": "437000000", "comprehensiveIncomeNetOfTax": "None", "ebit": "687000000", "ebitda": "1048000000", "netIncome": "437000000"}, {"fiscalDateEnding": "2019-09-30", "reportedCurrency": "USD", "grossProfit": "804000000", "totalRevenue": "2302000000", "costOfRevenue": "1498000000", "costofGoodsAndServicesSold": "1498000000", "operatingIncome": "490000000", "sellingGeneralAndAdministrative": "745000000", "researchAndDevelopment": "None", "operatingExpenses": "314000000", "investmentIncomeNet": "None", "netInterestIncome": "-147000000", "interestIncome": "129000000", "interestExpense": "147000000", "nonInterestIncome": "None", "otherNonOperatingIncome": "35000000", "depreciation": "None", "depreciationAndAmortization": "355000000", "incomeBeforeTax": "433000000", "incomeTaxExpense": "30000000", "interestAndDebtExpense": "None", "netIncomeFromContinuingOperations": "403000000", "comprehensiveIncomeNetOfTax": "None", "ebit": "580000000", "ebitda": "935000000", "netIncome": "403000000"}, {"fiscalDateEnding": "2019-06-30", "reportedCurrency": "USD", "grossProfit": "862000000", "totalRevenue": "2316000000", "costOfRevenue": "1454000000", "costofGoodsAndServicesSold": "1454000000", "operatingIncome": "160000000", "sellingGeneralAndAdministrative": "750000000", "researchAndDevelopment": "None", "operatingExpenses": "702000000", "investmentIncomeNet": "None", "netInterestIncome": "-117000000", "interestIncome": "20000000", "interestExpense": "123000000", "nonInterestIncome": "None", "otherNonOperatingIncome": "77000000", "depreciation": "None", "depreciationAndAmortization": "349000000", "incomeBeforeTax": "133000000", "incomeTaxExpense": "-20000000", "interestAndDebtExpense": "None", "netIncomeFromContinuingOperations": "153000000", "comprehensiveIncomeNetOfTax": "None", "ebit": "256000000", "ebitda": "605000000", "netIncome": "153000000"}, {"fiscalDateEnding": "2019-03-31", "reportedCurrency": "USD", "grossProfit": "1100000000", "totalRevenue": "2980000000", "costOfRevenue": "1880000000", "costofGoodsAndServicesSold": "1880000000", "operatingIncome": "786000000", "sellingGeneralAndAdministrative": "756000000", "researchAndDevelopment": "None", "operatingExpenses": "314000000", "investmentIncomeNet": "None", "netInterestIncome": "-129000000", "interestIncome": "15000000", "interestExpense": "133000000", "nonInterestIncome": "None", "otherNonOperatingIncome": "163000000", "depreciation": "None", "depreciationAndAmortization": "361000000", "incomeBeforeTax": "849000000", "incomeTaxExpense": "149000000", "interestAndDebtExpense": "None", "netIncomeFromContinuingOperations": "700000000", "comprehensiveIncomeNetOfTax": "None", "ebit": "982000000", "ebitda": "1343000000", "netIncome": "700000000"}, {"fiscalDateEnding": "2018-12-31", "reportedCurrency": "USD", "grossProfit": "805000000", "totalRevenue": "2468000000", "costOfRevenue": "1663000000", "costofGoodsAndServicesSold": "1663000000", "operatingIncome": "501000000", "sellingGeneralAndAdministrative": "794000000", "researchAndDevelopment": "0", "operatingExpenses": "304000000", "investmentIncomeNet": "None", "netInterestIncome": "None", "interestIncome": "None", "interestExpense": "135000000", "nonInterestIncome": "None", "otherNonOperatingIncome": "-185000000", "depreciation": "None", "depreciationAndAmortization": "348000000", "incomeBeforeTax": "200000000", "incomeTaxExpense": "1000000", "interestAndDebtExpense": "None", "netIncomeFromContinuingOperations": "199000000", "comprehensiveIncomeNetOfTax": "None", "ebit": "335000000", "ebitda": "683000000", "netIncome": "199000000"}, {"fiscalDateEnding": "2018-09-30", "reportedCurrency": "USD", "grossProfit": "848000000", "totalRevenue": "2394000000", "costOfRevenue": "1546000000", "costofGoodsAndServicesSold": "1546000000", "operatingIncome": "554000000", "sellingGeneralAndAdministrative": "742000000", "researchAndDevelopment": "0", "operatingExpenses": "294000000", "investmentIncomeNet": "None", "netInterestIncome": "None", "interestIncome": "None", "interestExpense": "127000000", "nonInterestIncome": "None", "otherNonOperatingIncome": "83000000", "depreciation": "None", "depreciationAndAmortization": "342000000", "incomeBeforeTax": "529000000", "incomeTaxExpense": "117000000", "interestAndDebtExpense": "None", "netIncomeFromContinuingOperations": "412000000", "comprehensiveIncomeNetOfTax": "None", "ebit": "656000000", "ebitda": "998000000", "netIncome": "412000000"}, {"fiscalDateEnding": "2018-06-30", "reportedCurrency": "USD", "grossProfit": "691000000", "totalRevenue": "2016000000", "costOfRevenue": "1325000000", "costofGoodsAndServicesSold": "1325000000", "operatingIncome": "411000000", "sellingGeneralAndAdministrative": "725000000", "researchAndDevelopment": "0", "operatingExpenses": "280000000", "investmentIncomeNet": "None", "netInterestIncome": "None", "interestIncome": "None", "interestExpense": "111000000", "nonInterestIncome": "None", "otherNonOperatingIncome": "47000000", "depreciation": "None", "depreciationAndAmortization": "325000000", "incomeBeforeTax": "366000000", "incomeTaxExpense": "97000000", "interestAndDebtExpense": "None", "netIncomeFromContinuingOperations": "269000000", "comprehensiveIncomeNetOfTax": "None", "ebit": "477000000", "ebitda": "802000000", "netIncome": "269000000"}, {"fiscalDateEnding": "2018-03-31", "reportedCurrency": "USD", "grossProfit": "1112000000", "totalRevenue": "2818000000", "costOfRevenue": "1706000000", "costofGoodsAndServicesSold": "1706000000", "operatingIncome": "832000000", "sellingGeneralAndAdministrative": "754000000", "researchAndDevelopment": "0", "operatingExpenses": "280000000", "investmentIncomeNet": "None", "netInterestIncome": "None", "interestIncome": "None", "interestExpense": "103000000", "nonInterestIncome": "None", "otherNonOperatingIncome": "12000000", "depreciation": "None", "depreciationAndAmortization": "330000000", "incomeBeforeTax": "760000000", "incomeTaxExpense": "202000000", "interestAndDebtExpense": "None", "netIncomeFromContinuingOperations": "558000000", "comprehensiveIncomeNetOfTax": "None", "ebit": "863000000", "ebitda": "1193000000", "netIncome": "558000000"}, {"fiscalDateEnding": "2017-12-31", "reportedCurrency": "USD", "grossProfit": "627000000", "totalRevenue": "2096000000", "costOfRevenue": "1469000000", "costofGoodsAndServicesSold": "1469000000", "operatingIncome": "362000000", "sellingGeneralAndAdministrative": "769000000", "researchAndDevelopment": "0", "operatingExpenses": "265000000", "investmentIncomeNet": "None", "netInterestIncome": "None", "interestIncome": "None", "interestExpense": "102000000", "nonInterestIncome": "None", "otherNonOperatingIncome": "53000000", "depreciation": "None", "depreciationAndAmortization": "312000000", "incomeBeforeTax": "310000000", "incomeTaxExpense": "-646000000", "interestAndDebtExpense": "None", "netIncomeFromContinuingOperations": "947000000", "comprehensiveIncomeNetOfTax": "None", "ebit": "412000000", "ebitda": "724000000", "netIncome": "956000000"}, {"fiscalDateEnding": "2017-09-30", "reportedCurrency": "USD", "grossProfit": "945000000", "totalRevenue": "2263000000", "costOfRevenue": "1318000000", "costofGoodsAndServicesSold": "1318000000", "operatingIncome": "693000000", "sellingGeneralAndAdministrative": "680000000", "researchAndDevelopment": "0", "operatingExpenses": "252000000", "investmentIncomeNet": "None", "netInterestIncome": "None", "interestIncome": "None", "interestExpense": "100000000", "nonInterestIncome": "None", "otherNonOperatingIncome": "59000000", "depreciation": "None", "depreciationAndAmortization": "303000000", "incomeBeforeTax": "647000000", "incomeTaxExpense": "252000000", "interestAndDebtExpense": "None", "netIncomeFromContinuingOperations": "400000000", "comprehensiveIncomeNetOfTax": "None", "ebit": "747000000", "ebitda": "1050000000", "netIncome": "395000000"}, {"fiscalDateEnding": "2017-06-30", "reportedCurrency": "USD", "grossProfit": "837000000", "totalRevenue": "2133000000", "costOfRevenue": "1296000000", "costofGoodsAndServicesSold": "1296000000", "operatingIncome": "195000000", "sellingGeneralAndAdministrative": "708000000", "researchAndDevelopment": "0", "operatingExpenses": "641000000", "investmentIncomeNet": "None", "netInterestIncome": "None", "interestIncome": "None", "interestExpense": "91000000", "nonInterestIncome": "None", "otherNonOperatingIncome": "66000000", "depreciation": "None", "depreciationAndAmortization": "688000000", "incomeBeforeTax": "168000000", "incomeTaxExpense": "59000000", "interestAndDebtExpense": "None", "netIncomeFromContinuingOperations": "112000000", "comprehensiveIncomeNetOfTax": "None", "ebit": "259000000", "ebitda": "947000000", "netIncome": "109000000"}, {"fiscalDateEnding": "2017-03-31", "reportedCurrency": "USD", "grossProfit": "1006000000", "totalRevenue": "2592000000", "costOfRevenue": "1586000000", "costofGoodsAndServicesSold": "1586000000", "operatingIncome": "178000000", "sellingGeneralAndAdministrative": "712000000", "researchAndDevelopment": "0", "operatingExpenses": "828000000", "investmentIncomeNet": "None", "netInterestIncome": "None", "interestIncome": "None", "interestExpense": "98000000", "nonInterestIncome": "None", "otherNonOperatingIncome": "64000000", "depreciation": "None", "depreciationAndAmortization": "882000000", "incomeBeforeTax": "143000000", "incomeTaxExpense": "29000000", "interestAndDebtExpense": "None", "netIncomeFromContinuingOperations": "115000000", "comprehensiveIncomeNetOfTax": "None", "ebit": "241000000", "ebitda": "1123000000", "netIncome": "114000000"}, {"fiscalDateEnding": "2016-12-31", "reportedCurrency": "USD", "grossProfit": "622000000", "totalRevenue": "2090000000", "costOfRevenue": "1468000000", "costofGoodsAndServicesSold": "1468000000", "operatingIncome": "-175000000", "sellingGeneralAndAdministrative": "76000000", "researchAndDevelopment": "0", "operatingExpenses": "797000000", "investmentIncomeNet": "None", "netInterestIncome": "None", "interestIncome": "None", "interestExpense": "97000000", "nonInterestIncome": "None", "otherNonOperatingIncome": "None", "depreciation": "None", "depreciationAndAmortization": "846000000", "incomeBeforeTax": "-249000000", "incomeTaxExpense": "-151000000", "interestAndDebtExpense": "None", "netIncomeFromContinuingOperations": "1321000000", "comprehensiveIncomeNetOfTax": "None", "ebit": "-152000000", "ebitda": "694000000", "netIncome": "-98000000"}, {"fiscalDateEnding": "2016-09-30", "reportedCurrency": "USD", "grossProfit": "808000000", "totalRevenue": "2450000000", "costOfRevenue": "1642000000", "costofGoodsAndServicesSold": "1642000000", "operatingIncome": "577000000", "sellingGeneralAndAdministrative": "0", "researchAndDevelopment": "0", "operatingExpenses": "231000000", "investmentIncomeNet": "None", "netInterestIncome": "None", "interestIncome": "None", "interestExpense": "99000000", "nonInterestIncome": "None", "otherNonOperatingIncome": "None", "depreciation": "None", "depreciationAndAmortization": "280000000", "incomeBeforeTax": "515000000", "incomeTaxExpense": "188000000", "interestAndDebtExpense": "None", "netIncomeFromContinuingOperations": "-625000000", "comprehensiveIncomeNetOfTax": "None", "ebit": "614000000", "ebitda": "894000000", "netIncome": "327000000"}, {"fiscalDateEnding": "2016-06-30", "reportedCurrency": "USD", "grossProfit": "571000000", "totalRevenue": "1905000000", "costOfRevenue": "1334000000", "costofGoodsAndServicesSold": "1334000000", "operatingIncome": "347000000", "sellingGeneralAndAdministrative": "710000000", "researchAndDevelopment": "0", "operatingExpenses": "224000000", "investmentIncomeNet": "None", "netInterestIncome": "None", "interestIncome": "None", "interestExpense": "97000000", "nonInterestIncome": "None", "otherNonOperatingIncome": "38000000", "depreciation": "None", "depreciationAndAmortization": "271000000", "incomeBeforeTax": "278000000", "incomeTaxExpense": "91000000", "interestAndDebtExpense": "None", "netIncomeFromContinuingOperations": "197000000", "comprehensiveIncomeNetOfTax": "None", "ebit": "375000000", "ebitda": "646000000", "netIncome": "187000000"}, {"fiscalDateEnding": "2016-03-31", "reportedCurrency": "USD", "grossProfit": "1051000000", "totalRevenue": "2616000000", "costOfRevenue": "1565000000", "costofGoodsAndServicesSold": "1565000000", "operatingIncome": "827000000", "sellingGeneralAndAdministrative": "729000000", "researchAndDevelopment": "0", "operatingExpenses": "224000000", "investmentIncomeNet": "None", "netInterestIncome": "None", "interestIncome": "None", "interestExpense": "92000000", "nonInterestIncome": "None", "otherNonOperatingIncome": "29000000", "depreciation": "None", "depreciationAndAmortization": "282000000", "incomeBeforeTax": "754000000", "incomeTaxExpense": "283000000", "interestAndDebtExpense": "None", "netIncomeFromContinuingOperations": "481000000", "comprehensiveIncomeNetOfTax": "None", "ebit": "846000000", "ebitda": "1128000000", "netIncome": "471000000"}, {"fiscalDateEnding": "2015-12-31", "reportedCurrency": "USD", "grossProfit": "786000000", "totalRevenue": "2278000000", "costOfRevenue": "1492000000", "costofGoodsAndServicesSold": "1492000000", "operatingIncome": "532000000", "sellingGeneralAndAdministrative": "76000000", "researchAndDevelopment": "0", "operatingExpenses": "254000000", "investmentIncomeNet": "None", "netInterestIncome": "None", "interestIncome": "None", "interestExpense": "102000000", "nonInterestIncome": "None", "otherNonOperatingIncome": "None", "depreciation": "None", "depreciationAndAmortization": "305000000", "incomeBeforeTax": "441000000", "incomeTaxExpense": "132000000", "interestAndDebtExpense": "None", "netIncomeFromContinuingOperations": "1679000000", "comprehensiveIncomeNetOfTax": "None", "ebit": "543000000", "ebitda": "848000000", "netIncome": "309000000"}, {"fiscalDateEnding": "2015-09-30", "reportedCurrency": "USD", "grossProfit": "1127000000", "totalRevenue": "2688000000", "costOfRevenue": "1561000000", "costofGoodsAndServicesSold": "1561000000", "operatingIncome": "814000000", "sellingGeneralAndAdministrative": "746000000", "researchAndDevelopment": "0", "operatingExpenses": "313000000", "investmentIncomeNet": "None", "netInterestIncome": "None", "interestIncome": "None", "interestExpense": "96000000", "nonInterestIncome": "None", "otherNonOperatingIncome": "36000000", "depreciation": "None", "depreciationAndAmortization": "369000000", "incomeBeforeTax": "724000000", "incomeTaxExpense": "285000000", "interestAndDebtExpense": "None", "netIncomeFromContinuingOperations": "469000000", "comprehensiveIncomeNetOfTax": "None", "ebit": "820000000", "ebitda": "1189000000", "netIncome": "439000000"}, {"fiscalDateEnding": "2015-06-30", "reportedCurrency": "USD", "grossProfit": "885000000", "totalRevenue": "2314000000", "costOfRevenue": "1429000000", "costofGoodsAndServicesSold": "1429000000", "operatingIncome": "568000000", "sellingGeneralAndAdministrative": "761000000", "researchAndDevelopment": "0", "operatingExpenses": "317000000", "investmentIncomeNet": "None", "netInterestIncome": "None", "interestIncome": "None", "interestExpense": "97000000", "nonInterestIncome": "None", "otherNonOperatingIncome": "70000000", "depreciation": "None", "depreciationAndAmortization": "368000000", "incomeBeforeTax": "531000000", "incomeTaxExpense": "186000000", "interestAndDebtExpense": "None", "netIncomeFromContinuingOperations": "355000000", "comprehensiveIncomeNetOfTax": "None", "ebit": "628000000", "ebitda": "996000000", "netIncome": "345000000"}, {"fiscalDateEnding": "2015-03-31", "reportedCurrency": "USD", "grossProfit": "1378000000", "totalRevenue": "3135000000", "costOfRevenue": "1757000000", "costofGoodsAndServicesSold": "1757000000", "operatingIncome": "1048000000", "sellingGeneralAndAdministrative": "0", "researchAndDevelopment": "0", "operatingExpenses": "330000000", "investmentIncomeNet": "None", "netInterestIncome": "None", "interestIncome": "None", "interestExpense": "98000000", "nonInterestIncome": "None", "otherNonOperatingIncome": "None", "depreciation": "None", "depreciationAndAmortization": "385000000", "incomeBeforeTax": "984000000", "incomeTaxExpense": "398000000", "interestAndDebtExpense": "None", "netIncomeFromContinuingOperations": "0", "comprehensiveIncomeNetOfTax": "None", "ebit": "1082000000", "ebitda": "1467000000", "netIncome": "586000000"}, {"fiscalDateEnding": "2014-12-31", "reportedCurrency": "USD", "grossProfit": "1115000000", "totalRevenue": "2773000000", "costOfRevenue": "1658000000", "costofGoodsAndServicesSold": "1658000000", "operatingIncome": "807000000", "sellingGeneralAndAdministrative": "0", "researchAndDevelopment": "0", "operatingExpenses": "308000000", "investmentIncomeNet": "None", "netInterestIncome": "None", "interestIncome": "None", "interestExpense": "98000000", "nonInterestIncome": "None", "otherNonOperatingIncome": "None", "depreciation": "None", "depreciationAndAmortization": "357000000", "incomeBeforeTax": "781000000", "incomeTaxExpense": "305000000", "interestAndDebtExpense": "None", "netIncomeFromContinuingOperations": "1518000000", "comprehensiveIncomeNetOfTax": "None", "ebit": "879000000", "ebitda": "1236000000", "netIncome": "476000000"}, {"fiscalDateEnding": "2014-09-30", "reportedCurrency": "USD", "grossProfit": "1064000000", "totalRevenue": "2641000000", "costOfRevenue": "1577000000", "costofGoodsAndServicesSold": "1577000000", "operatingIncome": "746000000", "sellingGeneralAndAdministrative": "714000000", "researchAndDevelopment": "0", "operatingExpenses": "318000000", "investmentIncomeNet": "None", "netInterestIncome": "None", "interestIncome": "None", "interestExpense": "100000000", "nonInterestIncome": "None", "otherNonOperatingIncome": "69000000", "depreciation": "None", "depreciationAndAmortization": "371000000", "incomeBeforeTax": "705000000", "incomeTaxExpense": "261000000", "interestAndDebtExpense": "None", "netIncomeFromContinuingOperations": "454000000", "comprehensiveIncomeNetOfTax": "None", "ebit": "805000000", "ebitda": "1176000000", "netIncome": "444000000"}, {"fiscalDateEnding": "2014-06-30", "reportedCurrency": "USD", "grossProfit": "660000000", "totalRevenue": "2249000000", "costOfRevenue": "1589000000", "costofGoodsAndServicesSold": "1589000000", "operatingIncome": "365000000", "sellingGeneralAndAdministrative": "800000000", "researchAndDevelopment": "0", "operatingExpenses": "295000000", "investmentIncomeNet": "None", "netInterestIncome": "None", "interestIncome": "None", "interestExpense": "94000000", "nonInterestIncome": "None", "otherNonOperatingIncome": "55000000", "depreciation": "None", "depreciationAndAmortization": "339000000", "incomeBeforeTax": "324000000", "incomeTaxExpense": "112000000", "interestAndDebtExpense": "None", "netIncomeFromContinuingOperations": "214000000", "comprehensiveIncomeNetOfTax": "None", "ebit": "418000000", "ebitda": "757000000", "netIncome": "212000000"}, {"fiscalDateEnding": "2014-03-31", "reportedCurrency": "USD", "grossProfit": "1011000000", "totalRevenue": "3223000000", "costOfRevenue": "2212000000", "costofGoodsAndServicesSold": "2212000000", "operatingIncome": "705000000", "sellingGeneralAndAdministrative": "0", "researchAndDevelopment": "0", "operatingExpenses": "306000000", "investmentIncomeNet": "None", "netInterestIncome": "None", "interestIncome": "None", "interestExpense": "97000000", "nonInterestIncome": "None", "otherNonOperatingIncome": "None", "depreciation": "None", "depreciationAndAmortization": "360000000", "incomeBeforeTax": "646000000", "incomeTaxExpense": "260000000", "interestAndDebtExpense": "None", "netIncomeFromContinuingOperations": "0", "comprehensiveIncomeNetOfTax": "None", "ebit": "743000000", "ebitda": "1103000000", "netIncome": "386000000"}, {"fiscalDateEnding": "2013-12-31", "reportedCurrency": "USD", "grossProfit": "675000000", "totalRevenue": "2318000000", "costOfRevenue": "1643000000", "costofGoodsAndServicesSold": "1643000000", "operatingIncome": "365000000", "sellingGeneralAndAdministrative": "0", "researchAndDevelopment": "0", "operatingExpenses": "310000000", "investmentIncomeNet": "None", "netInterestIncome": "None", "interestIncome": "None", "interestExpense": "99000000", "nonInterestIncome": "None", "otherNonOperatingIncome": "None", "depreciation": "None", "depreciationAndAmortization": "339000000", "incomeBeforeTax": "304000000", "incomeTaxExpense": "104000000", "interestAndDebtExpense": "None", "netIncomeFromContinuingOperations": "0", "comprehensiveIncomeNetOfTax": "None", "ebit": "403000000", "ebitda": "742000000", "netIncome": "200000000"}, {"fiscalDateEnding": "2013-09-30", "reportedCurrency": "USD", "grossProfit": "1040000000", "totalRevenue": "2554000000", "costOfRevenue": "1514000000", "costofGoodsAndServicesSold": "1514000000", "operatingIncome": "712000000", "sellingGeneralAndAdministrative": "728000000", "researchAndDevelopment": "0", "operatingExpenses": "328000000", "investmentIncomeNet": "None", "netInterestIncome": "None", "interestIncome": "None", "interestExpense": "100000000", "nonInterestIncome": "None", "otherNonOperatingIncome": "51000000", "depreciation": "None", "depreciationAndAmortization": "363000000", "incomeBeforeTax": "660000000", "incomeTaxExpense": "270000000", "interestAndDebtExpense": "None", "netIncomeFromContinuingOperations": "393000000", "comprehensiveIncomeNetOfTax": "None", "ebit": "760000000", "ebitda": "1123000000", "netIncome": "390000000"}, {"fiscalDateEnding": "2013-06-30", "reportedCurrency": "USD", "grossProfit": "909000000", "totalRevenue": "2310000000", "costOfRevenue": "1401000000", "costofGoodsAndServicesSold": "1401000000", "operatingIncome": "612000000", "sellingGeneralAndAdministrative": "660000000", "researchAndDevelopment": "0", "operatingExpenses": "297000000", "investmentIncomeNet": "None", "netInterestIncome": "None", "interestIncome": "None", "interestExpense": "101000000", "nonInterestIncome": "None", "otherNonOperatingIncome": "42000000", "depreciation": "None", "depreciationAndAmortization": "328000000", "incomeBeforeTax": "551000000", "incomeTaxExpense": "218000000", "interestAndDebtExpense": "None", "netIncomeFromContinuingOperations": "335000000", "comprehensiveIncomeNetOfTax": "None", "ebit": "652000000", "ebitda": "980000000", "netIncome": "333000000"}, {"fiscalDateEnding": "2013-03-31", "reportedCurrency": "USD", "grossProfit": "921000000", "totalRevenue": "2786000000", "costOfRevenue": "1865000000", "costofGoodsAndServicesSold": "1865000000", "operatingIncome": "610000000", "sellingGeneralAndAdministrative": "0", "researchAndDevelopment": "0", "operatingExpenses": "311000000", "investmentIncomeNet": "None", "netInterestIncome": "None", "interestIncome": "None", "interestExpense": "102000000", "nonInterestIncome": "None", "otherNonOperatingIncome": "None", "depreciation": "None", "depreciationAndAmortization": "340000000", "incomeBeforeTax": "540000000", "incomeTaxExpense": "220000000", "interestAndDebtExpense": "None", "netIncomeFromContinuingOperations": "0", "comprehensiveIncomeNetOfTax": "None", "ebit": "642000000", "ebitda": "982000000", "netIncome": "320000000"}, {"fiscalDateEnding": "2012-12-31", "reportedCurrency": "USD", "grossProfit": "-1126000000", "totalRevenue": "2406000000", "costOfRevenue": "3532000000", "costofGoodsAndServicesSold": "3532000000", "operatingIncome": "468000000", "sellingGeneralAndAdministrative": "0", "researchAndDevelopment": "0", "operatingExpenses": "-1594000000", "investmentIncomeNet": "None", "netInterestIncome": "None", "interestIncome": "None", "interestExpense": "113000000", "nonInterestIncome": "None", "otherNonOperatingIncome": "None", "depreciation": "None", "depreciationAndAmortization": "430000000", "incomeBeforeTax": "361000000", "incomeTaxExpense": "137000000", "interestAndDebtExpense": "None", "netIncomeFromContinuingOperations": "0", "comprehensiveIncomeNetOfTax": "None", "ebit": "474000000", "ebitda": "904000000", "netIncome": "224000000"}, {"fiscalDateEnding": "2012-09-30", "reportedCurrency": "USD", "grossProfit": "1523000000", "totalRevenue": "2402000000", "costOfRevenue": "879000000", "costofGoodsAndServicesSold": "879000000", "operatingIncome": "594000000", "sellingGeneralAndAdministrative": "0", "researchAndDevelopment": "0", "operatingExpenses": "310000000", "investmentIncomeNet": "None", "netInterestIncome": "None", "interestIncome": "None", "interestExpense": "106000000", "nonInterestIncome": "None", "otherNonOperatingIncome": "None", "depreciation": "None", "depreciationAndAmortization": "331000000", "incomeBeforeTax": "588000000", "incomeTaxExpense": "241000000", "interestAndDebtExpense": "None", "netIncomeFromContinuingOperations": "0", "comprehensiveIncomeNetOfTax": "None", "ebit": "694000000", "ebitda": "1025000000", "netIncome": "347000000"}, {"fiscalDateEnding": "2012-06-30", "reportedCurrency": "USD", "grossProfit": "1337000000", "totalRevenue": "2098000000", "costOfRevenue": "761000000", "costofGoodsAndServicesSold": "761000000", "operatingIncome": "433000000", "sellingGeneralAndAdministrative": "0", "researchAndDevelopment": "0", "operatingExpenses": "275000000", "investmentIncomeNet": "None", "netInterestIncome": "None", "interestIncome": "None", "interestExpense": "103000000", "nonInterestIncome": "None", "otherNonOperatingIncome": "None", "depreciation": "None", "depreciationAndAmortization": "296000000", "incomeBeforeTax": "357000000", "incomeTaxExpense": "146000000", "interestAndDebtExpense": "None", "netIncomeFromContinuingOperations": "0", "comprehensiveIncomeNetOfTax": "None", "ebit": "460000000", "ebitda": "756000000", "netIncome": "211000000"}, {"fiscalDateEnding": "2012-03-31", "reportedCurrency": "USD", "grossProfit": "1696000000", "totalRevenue": "2875000000", "costOfRevenue": "1179000000", "costofGoodsAndServicesSold": "1179000000", "operatingIncome": "783000000", "sellingGeneralAndAdministrative": "0", "researchAndDevelopment": "0", "operatingExpenses": "285000000", "investmentIncomeNet": "None", "netInterestIncome": "None", "interestIncome": "None", "interestExpense": "101000000", "nonInterestIncome": "None", "otherNonOperatingIncome": "None", "depreciation": "None", "depreciationAndAmortization": "299000000", "incomeBeforeTax": "705000000", "incomeTaxExpense": "212000000", "interestAndDebtExpense": "None", "netIncomeFromContinuingOperations": "0", "comprehensiveIncomeNetOfTax": "None", "ebit": "806000000", "ebitda": "1105000000", "netIncome": "493000000"}, {"fiscalDateEnding": "2011-12-31", "reportedCurrency": "USD", "grossProfit": "1629000000", "totalRevenue": "2636000000", "costOfRevenue": "1007000000", "costofGoodsAndServicesSold": "1007000000", "operatingIncome": "709000000", "sellingGeneralAndAdministrative": "0", "researchAndDevelopment": "0", "operatingExpenses": "920000000", "investmentIncomeNet": "None", "netInterestIncome": "None", "interestIncome": "None", "interestExpense": "114000000", "nonInterestIncome": "None", "otherNonOperatingIncome": "None", "depreciation": "None", "depreciationAndAmortization": "237000000", "incomeBeforeTax": "580000000", "incomeTaxExpense": "220000000", "interestAndDebtExpense": "None", "netIncomeFromContinuingOperations": "0", "comprehensiveIncomeNetOfTax": "None", "ebit": "694000000", "ebitda": "931000000", "netIncome": "360000000"}, {"fiscalDateEnding": "2011-09-30", "reportedCurrency": "USD", "grossProfit": "1453000000", "totalRevenue": "2620000000", "costOfRevenue": "1167000000", "costofGoodsAndServicesSold": "1167000000", "operatingIncome": "556000000", "sellingGeneralAndAdministrative": "0", "researchAndDevelopment": "0", "operatingExpenses": "897000000", "investmentIncomeNet": "None", "netInterestIncome": "None", "interestIncome": "None", "interestExpense": "117000000", "nonInterestIncome": "None", "otherNonOperatingIncome": "None", "depreciation": "None", "depreciationAndAmortization": "262000000", "incomeBeforeTax": "466000000", "incomeTaxExpense": "201000000", "interestAndDebtExpense": "None", "netIncomeFromContinuingOperations": "0", "comprehensiveIncomeNetOfTax": "None", "ebit": "584000000", "ebitda": "846000000", "netIncome": "294000000"}, {"fiscalDateEnding": "2011-06-30", "reportedCurrency": "USD", "grossProfit": "1459000000", "totalRevenue": "2469000000", "costOfRevenue": "1010000000", "costofGoodsAndServicesSold": "1010000000", "operatingIncome": "621000000", "sellingGeneralAndAdministrative": "0", "researchAndDevelopment": "0", "operatingExpenses": "838000000", "investmentIncomeNet": "None", "netInterestIncome": "None", "interestIncome": "None", "interestExpense": "117000000", "nonInterestIncome": "None", "otherNonOperatingIncome": "None", "depreciation": "None", "depreciationAndAmortization": "238000000", "incomeBeforeTax": "547000000", "incomeTaxExpense": "227000000", "interestAndDebtExpense": "None", "netIncomeFromContinuingOperations": "0", "comprehensiveIncomeNetOfTax": "None", "ebit": "664000000", "ebitda": "902000000", "netIncome": "323000000"}, {"fiscalDateEnding": "2011-03-31", "reportedCurrency": "USD", "grossProfit": "1791000000", "totalRevenue": "3354000000", "costOfRevenue": "1563000000", "costofGoodsAndServicesSold": "1563000000", "operatingIncome": "856000000", "sellingGeneralAndAdministrative": "0", "researchAndDevelopment": "0", "operatingExpenses": "935000000", "investmentIncomeNet": "None", "netInterestIncome": "None", "interestIncome": "None", "interestExpense": "127000000", "nonInterestIncome": "None", "otherNonOperatingIncome": "None", "depreciation": "None", "depreciationAndAmortization": "245000000", "incomeBeforeTax": "791000000", "incomeTaxExpense": "329000000", "interestAndDebtExpense": "None", "netIncomeFromContinuingOperations": "0", "comprehensiveIncomeNetOfTax": "None", "ebit": "918000000", "ebitda": "1163000000", "netIncome": "526000000"}, {"fiscalDateEnding": "2010-12-31", "reportedCurrency": "USD", "grossProfit": "1413000000", "totalRevenue": "2404000000", "costOfRevenue": "991000000", "costofGoodsAndServicesSold": "991000000", "operatingIncome": "564000000", "sellingGeneralAndAdministrative": "0", "researchAndDevelopment": "0", "operatingExpenses": "849000000", "investmentIncomeNet": "None", "netInterestIncome": "None", "interestIncome": "None", "interestExpense": "116000000", "nonInterestIncome": "None", "otherNonOperatingIncome": "None", "depreciation": "None", "depreciationAndAmortization": "142000000", "incomeBeforeTax": "468000000", "incomeTaxExpense": "193000000", "interestAndDebtExpense": "None", "netIncomeFromContinuingOperations": "0", "comprehensiveIncomeNetOfTax": "None", "ebit": "667000000", "ebitda": "809000000", "netIncome": "282000000"}, {"fiscalDateEnding": "2010-09-30", "reportedCurrency": "USD", "grossProfit": "1899000000", "totalRevenue": "3254000000", "costOfRevenue": "1355000000", "costofGoodsAndServicesSold": "1355000000", "operatingIncome": "971000000", "sellingGeneralAndAdministrative": "0", "researchAndDevelopment": "0", "operatingExpenses": "882000000", "investmentIncomeNet": "None", "netInterestIncome": "None", "interestIncome": "None", "interestExpense": "120000000", "nonInterestIncome": "None", "otherNonOperatingIncome": "None", "depreciation": "None", "depreciationAndAmortization": "265000000", "incomeBeforeTax": "949000000", "incomeTaxExpense": "382000000", "interestAndDebtExpense": "None", "netIncomeFromContinuingOperations": "0", "comprehensiveIncomeNetOfTax": "None", "ebit": "1038000000", "ebitda": "1303000000", "netIncome": "567000000"}, {"fiscalDateEnding": "2010-06-30", "reportedCurrency": "USD", "grossProfit": "1289000000", "totalRevenue": "2361000000", "costOfRevenue": "1072000000", "costofGoodsAndServicesSold": "1072000000", "operatingIncome": "431000000", "sellingGeneralAndAdministrative": "638000000", "researchAndDevelopment": "0", "operatingExpenses": "858000000", "investmentIncomeNet": "None", "netInterestIncome": "None", "interestIncome": "None", "interestExpense": "120000000", "nonInterestIncome": "None", "otherNonOperatingIncome": "40000000", "depreciation": "None", "depreciationAndAmortization": "233000000", "incomeBeforeTax": "346000000", "incomeTaxExpense": "124000000", "interestAndDebtExpense": "None", "netIncomeFromContinuingOperations": "229000000", "comprehensiveIncomeNetOfTax": "None", "ebit": "466000000", "ebitda": "699000000", "netIncome": "224000000"}, {"fiscalDateEnding": "2010-03-31", "reportedCurrency": "USD", "grossProfit": "1912000000", "totalRevenue": "3680000000", "costOfRevenue": "1768000000", "costofGoodsAndServicesSold": "1768000000", "operatingIncome": "946000000", "sellingGeneralAndAdministrative": "0", "researchAndDevelopment": "0", "operatingExpenses": "939000000", "investmentIncomeNet": "None", "netInterestIncome": "None", "interestIncome": "None", "interestExpense": "116000000", "nonInterestIncome": "None", "otherNonOperatingIncome": "None", "depreciation": "None", "depreciationAndAmortization": "232000000", "incomeBeforeTax": "847000000", "incomeTaxExpense": "356000000", "interestAndDebtExpense": "None", "netIncomeFromContinuingOperations": "0", "comprehensiveIncomeNetOfTax": "None", "ebit": "975000000", "ebitda": "1207000000", "netIncome": "491000000"}, {"fiscalDateEnding": "2009-12-31", "reportedCurrency": "USD", "grossProfit": "1548000000", "totalRevenue": "2883000000", "costOfRevenue": "1335000000", "costofGoodsAndServicesSold": "1335000000", "operatingIncome": "633000000", "sellingGeneralAndAdministrative": "0", "researchAndDevelopment": "0", "operatingExpenses": "915000000", "investmentIncomeNet": "None", "netInterestIncome": "None", "interestIncome": "None", "interestExpense": "120000000", "nonInterestIncome": "None", "otherNonOperatingIncome": "None", "depreciation": "None", "depreciationAndAmortization": "325000000", "incomeBeforeTax": "512000000", "incomeTaxExpense": "163000000", "interestAndDebtExpense": "None", "netIncomeFromContinuingOperations": "0", "comprehensiveIncomeNetOfTax": "None", "ebit": "632000000", "ebitda": "957000000", "netIncome": "349000000"}, {"fiscalDateEnding": "2009-09-30", "reportedCurrency": "USD", "grossProfit": "1798000000", "totalRevenue": "3039000000", "costOfRevenue": "1241000000", "costofGoodsAndServicesSold": "1241000000", "operatingIncome": "924000000", "sellingGeneralAndAdministrative": "0", "researchAndDevelopment": "0", "operatingExpenses": "875000000", "investmentIncomeNet": "None", "netInterestIncome": "None", "interestIncome": "None", "interestExpense": "129000000", "nonInterestIncome": "None", "otherNonOperatingIncome": "None", "depreciation": "None", "depreciationAndAmortization": "255000000", "incomeBeforeTax": "825000000", "incomeTaxExpense": "337000000", "interestAndDebtExpense": "None", "netIncomeFromContinuingOperations": "0", "comprehensiveIncomeNetOfTax": "None", "ebit": "954000000", "ebitda": "1209000000", "netIncome": "488000000"}, {"fiscalDateEnding": "2009-06-30", "reportedCurrency": "USD", "grossProfit": "866000000", "totalRevenue": "2561000000", "costOfRevenue": "1695000000", "costofGoodsAndServicesSold": "1695000000", "operatingIncome": "637000000", "sellingGeneralAndAdministrative": "0", "researchAndDevelopment": "0", "operatingExpenses": "856000000", "investmentIncomeNet": "None", "netInterestIncome": "None", "interestIncome": "None", "interestExpense": "133000000", "nonInterestIncome": "None", "otherNonOperatingIncome": "None", "depreciation": "None", "depreciationAndAmortization": "231000000", "incomeBeforeTax": "551000000", "incomeTaxExpense": "240000000", "interestAndDebtExpense": "None", "netIncomeFromContinuingOperations": "0", "comprehensiveIncomeNetOfTax": "None", "ebit": "684000000", "ebitda": "915000000", "netIncome": "311000000"}, {"fiscalDateEnding": "2009-03-31", "reportedCurrency": "USD", "grossProfit": "1853000000", "totalRevenue": "3921000000", "costOfRevenue": "2068000000", "costofGoodsAndServicesSold": "2068000000", "operatingIncome": "927000000", "sellingGeneralAndAdministrative": "0", "researchAndDevelopment": "0", "operatingExpenses": "925000000", "investmentIncomeNet": "None", "netInterestIncome": "None", "interestIncome": "None", "interestExpense": "145000000", "nonInterestIncome": "None", "otherNonOperatingIncome": "None", "depreciation": "None", "depreciationAndAmortization": "236000000", "incomeBeforeTax": "748000000", "incomeTaxExpense": "304000000", "interestAndDebtExpense": "None", "netIncomeFromContinuingOperations": "0", "comprehensiveIncomeNetOfTax": "None", "ebit": "893000000", "ebitda": "1129000000", "netIncome": "444000000"}, {"fiscalDateEnding": "2008-12-31", "reportedCurrency": "USD", "grossProfit": "1519000000", "totalRevenue": "3262000000", "costOfRevenue": "1743000000", "costofGoodsAndServicesSold": "1743000000", "operatingIncome": "660000000", "sellingGeneralAndAdministrative": "0", "researchAndDevelopment": "0", "operatingExpenses": "859000000", "investmentIncomeNet": "None", "netInterestIncome": "None", "interestIncome": "None", "interestExpense": "194000000", "nonInterestIncome": "None", "otherNonOperatingIncome": "None", "depreciation": "None", "depreciationAndAmortization": "194000000", "incomeBeforeTax": "384000000", "incomeTaxExpense": "146000000", "interestAndDebtExpense": "None", "netIncomeFromContinuingOperations": "0", "comprehensiveIncomeNetOfTax": "None", "ebit": "661000000", "ebitda": "855000000", "netIncome": "235000000"}, {"fiscalDateEnding": "2008-09-30", "reportedCurrency": "USD", "grossProfit": "1819000000", "totalRevenue": "3718000000", "costOfRevenue": "1899000000", "costofGoodsAndServicesSold": "1899000000", "operatingIncome": "965000000", "sellingGeneralAndAdministrative": "0", "researchAndDevelopment": "0", "operatingExpenses": "854000000", "investmentIncomeNet": "None", "netInterestIncome": "None", "interestIncome": "None", "interestExpense": "149000000", "nonInterestIncome": "None", "otherNonOperatingIncome": "None", "depreciation": "None", "depreciationAndAmortization": "164000000", "incomeBeforeTax": "810000000", "incomeTaxExpense": "334000000", "interestAndDebtExpense": "None", "netIncomeFromContinuingOperations": "0", "comprehensiveIncomeNetOfTax": "None", "ebit": "1009000000", "ebitda": "1173000000", "netIncome": "656000000"}, {"fiscalDateEnding": "2008-06-30", "reportedCurrency": "USD", "grossProfit": "1021000000", "totalRevenue": "2561000000", "costOfRevenue": "1540000000", "costofGoodsAndServicesSold": "1540000000", "operatingIncome": "177000000", "sellingGeneralAndAdministrative": "0", "researchAndDevelopment": "0", "operatingExpenses": "838000000", "investmentIncomeNet": "None", "netInterestIncome": "None", "interestIncome": "None", "interestExpense": "146000000", "nonInterestIncome": "None", "otherNonOperatingIncome": "None", "depreciation": "None", "depreciationAndAmortization": "218000000", "incomeBeforeTax": "48000000", "incomeTaxExpense": "214000000", "interestAndDebtExpense": "None", "netIncomeFromContinuingOperations": "0", "comprehensiveIncomeNetOfTax": "None", "ebit": "193000000", "ebitda": "411000000", "netIncome": "-150000000"}, {"fiscalDateEnding": "2008-03-31", "reportedCurrency": "USD", "grossProfit": "1679000000", "totalRevenue": "3803000000", "costOfRevenue": "2124000000", "costofGoodsAndServicesSold": "2124000000", "operatingIncome": "811000000", "sellingGeneralAndAdministrative": "0", "researchAndDevelopment": "0", "operatingExpenses": "862000000", "investmentIncomeNet": "None", "netInterestIncome": "None", "interestIncome": "None", "interestExpense": "153000000", "nonInterestIncome": "None", "otherNonOperatingIncome": "None", "depreciation": "None", "depreciationAndAmortization": "217000000", "incomeBeforeTax": "668000000", "incomeTaxExpense": "234000000", "interestAndDebtExpense": "None", "netIncomeFromContinuingOperations": "0", "comprehensiveIncomeNetOfTax": "None", "ebit": "821000000", "ebitda": "1038000000", "netIncome": "448000000"}, {"fiscalDateEnding": "2007-12-31", "reportedCurrency": "USD", "grossProfit": "1543000000", "totalRevenue": "2965000000", "costOfRevenue": "1422000000", "costofGoodsAndServicesSold": "1422000000", "operatingIncome": "632000000", "sellingGeneralAndAdministrative": "0", "researchAndDevelopment": "0", "operatingExpenses": "911000000", "investmentIncomeNet": "None", "netInterestIncome": "None", "interestIncome": "None", "interestExpense": "218000000", "nonInterestIncome": "None", "otherNonOperatingIncome": "None", "depreciation": "None", "depreciationAndAmortization": "218000000", "incomeBeforeTax": "502000000", "incomeTaxExpense": "310000000", "interestAndDebtExpense": "None", "netIncomeFromContinuingOperations": "0", "comprehensiveIncomeNetOfTax": "None", "ebit": "632000000", "ebitda": "850000000", "netIncome": "225000000"}, {"fiscalDateEnding": "2007-09-30", "reportedCurrency": "USD", "grossProfit": "1801000000", "totalRevenue": "3475000000", "costOfRevenue": "1674000000", "costofGoodsAndServicesSold": "1674000000", "operatingIncome": "969000000", "sellingGeneralAndAdministrative": "0", "researchAndDevelopment": "0", "operatingExpenses": "832000000", "investmentIncomeNet": "None", "netInterestIncome": "None", "interestIncome": "None", "interestExpense": "239000000", "nonInterestIncome": "None", "otherNonOperatingIncome": "None", "depreciation": "None", "depreciationAndAmortization": "239000000", "incomeBeforeTax": "814000000", "incomeTaxExpense": "314000000", "interestAndDebtExpense": "None", "netIncomeFromContinuingOperations": "0", "comprehensiveIncomeNetOfTax": "None", "ebit": "969000000", "ebitda": "1208000000", "netIncome": "506000000"}, {"fiscalDateEnding": "2007-06-30", "reportedCurrency": "USD", "grossProfit": "1421000000", "totalRevenue": "2810000000", "costOfRevenue": "1389000000", "costofGoodsAndServicesSold": "1389000000", "operatingIncome": "604000000", "sellingGeneralAndAdministrative": "0", "researchAndDevelopment": "0", "operatingExpenses": "817000000", "investmentIncomeNet": "None", "netInterestIncome": "None", "interestIncome": "None", "interestExpense": "219000000", "nonInterestIncome": "None", "otherNonOperatingIncome": "None", "depreciation": "None", "depreciationAndAmortization": "219000000", "incomeBeforeTax": "467000000", "incomeTaxExpense": "174000000", "interestAndDebtExpense": "None", "netIncomeFromContinuingOperations": "0", "comprehensiveIncomeNetOfTax": "None", "ebit": "604000000", "ebitda": "823000000", "netIncome": "275000000"}, {"fiscalDateEnding": "2007-03-31", "reportedCurrency": "USD", "grossProfit": "1573000000", "totalRevenue": "3614000000", "costOfRevenue": "2041000000", "costofGoodsAndServicesSold": "2041000000", "operatingIncome": "701000000", "sellingGeneralAndAdministrative": "0", "researchAndDevelopment": "0", "operatingExpenses": "830000000", "investmentIncomeNet": "None", "netInterestIncome": "None", "interestIncome": "None", "interestExpense": "221000000", "nonInterestIncome": "None", "otherNonOperatingIncome": "None", "depreciation": "None", "depreciationAndAmortization": "221000000", "incomeBeforeTax": "597000000", "incomeTaxExpense": "262000000", "interestAndDebtExpense": "None", "netIncomeFromContinuingOperations": "0", "comprehensiveIncomeNetOfTax": "None", "ebit": "701000000", "ebitda": "922000000", "netIncome": "329000000"}, {"fiscalDateEnding": "2006-12-31", "reportedCurrency": "USD", "grossProfit": "1279000000", "totalRevenue": "2648000000", "costOfRevenue": "1369000000", "costofGoodsAndServicesSold": "1369000000", "operatingIncome": "412000000", "sellingGeneralAndAdministrative": "0", "researchAndDevelopment": "0", "operatingExpenses": "867000000", "investmentIncomeNet": "None", "netInterestIncome": "None", "interestIncome": "None", "interestExpense": "229000000", "nonInterestIncome": "None", "otherNonOperatingIncome": "None", "depreciation": "None", "depreciationAndAmortization": "229000000", "incomeBeforeTax": "268000000", "incomeTaxExpense": "75000000", "interestAndDebtExpense": "None", "netIncomeFromContinuingOperations": "0", "comprehensiveIncomeNetOfTax": "None", "ebit": "412000000", "ebitda": "641000000", "netIncome": "-47000000"}, {"fiscalDateEnding": "2006-09-30", "reportedCurrency": "USD", "grossProfit": "1583000000", "totalRevenue": "3392000000", "costOfRevenue": "1809000000", "costofGoodsAndServicesSold": "1809000000", "operatingIncome": "764000000", "sellingGeneralAndAdministrative": "0", "researchAndDevelopment": "0", "operatingExpenses": "793000000", "investmentIncomeNet": "None", "netInterestIncome": "None", "interestIncome": "None", "interestExpense": "259000000", "nonInterestIncome": "None", "otherNonOperatingIncome": "None", "depreciation": "None", "depreciationAndAmortization": "259000000", "incomeBeforeTax": "603000000", "incomeTaxExpense": "229000000", "interestAndDebtExpense": "None", "netIncomeFromContinuingOperations": "0", "comprehensiveIncomeNetOfTax": "None", "ebit": "764000000", "ebitda": "1023000000", "netIncome": "374000000"}, {"fiscalDateEnding": "2006-06-30", "reportedCurrency": "USD", "grossProfit": "1219000000", "totalRevenue": "2606000000", "costOfRevenue": "1387000000", "costofGoodsAndServicesSold": "1387000000", "operatingIncome": "137000000", "sellingGeneralAndAdministrative": "0", "researchAndDevelopment": "0", "operatingExpenses": "1067000000", "investmentIncomeNet": "None", "netInterestIncome": "None", "interestIncome": "None", "interestExpense": "229000000", "nonInterestIncome": "None", "otherNonOperatingIncome": "None", "depreciation": "None", "depreciationAndAmortization": "229000000", "incomeBeforeTax": "-7000000", "incomeTaxExpense": "7000000", "interestAndDebtExpense": "None", "netIncomeFromContinuingOperations": "0", "comprehensiveIncomeNetOfTax": "None", "ebit": "137000000", "ebitda": "366000000", "netIncome": "209000000"}, {"fiscalDateEnding": "2006-03-31", "reportedCurrency": "USD", "grossProfit": "1317000000", "totalRevenue": "3521000000", "costOfRevenue": "2204000000", "costofGoodsAndServicesSold": "2204000000", "operatingIncome": "495000000", "sellingGeneralAndAdministrative": "0", "researchAndDevelopment": "0", "operatingExpenses": "820000000", "investmentIncomeNet": "None", "netInterestIncome": "None", "interestIncome": "None", "interestExpense": "230000000", "nonInterestIncome": "None", "otherNonOperatingIncome": "None", "depreciation": "None", "depreciationAndAmortization": "230000000", "incomeBeforeTax": "342000000", "incomeTaxExpense": "143000000", "interestAndDebtExpense": "None", "netIncomeFromContinuingOperations": "0", "comprehensiveIncomeNetOfTax": "None", "ebit": "495000000", "ebitda": "725000000", "netIncome": "203000000"}, {"fiscalDateEnding": "2005-12-31", "reportedCurrency": "USD", "grossProfit": "1243000000", "totalRevenue": "3303000000", "costOfRevenue": "2060000000", "costofGoodsAndServicesSold": "2060000000", "operatingIncome": "451000000", "sellingGeneralAndAdministrative": "0", "researchAndDevelopment": "0", "operatingExpenses": "792000000", "investmentIncomeNet": "None", "netInterestIncome": "None", "interestIncome": "None", "interestExpense": "218000000", "nonInterestIncome": "None", "otherNonOperatingIncome": "None", "depreciation": "None", "depreciationAndAmortization": "218000000", "incomeBeforeTax": "332000000", "incomeTaxExpense": "127000000", "interestAndDebtExpense": "None", "netIncomeFromContinuingOperations": "0", "comprehensiveIncomeNetOfTax": "None", "ebit": "451000000", "ebitda": "669000000", "netIncome": "205000000"}, {"fiscalDateEnding": "2005-09-30", "reportedCurrency": "USD", "grossProfit": "1377000000", "totalRevenue": "3376000000", "costOfRevenue": "1999000000", "costofGoodsAndServicesSold": "1999000000", "operatingIncome": "570000000", "sellingGeneralAndAdministrative": "0", "researchAndDevelopment": "0", "operatingExpenses": "775000000", "investmentIncomeNet": "None", "netInterestIncome": "None", "interestIncome": "None", "interestExpense": "231000000", "nonInterestIncome": "None", "otherNonOperatingIncome": "None", "depreciation": "None", "depreciationAndAmortization": "231000000", "incomeBeforeTax": "443000000", "incomeTaxExpense": "183000000", "interestAndDebtExpense": "None", "netIncomeFromContinuingOperations": "0", "comprehensiveIncomeNetOfTax": "None", "ebit": "570000000", "ebitda": "801000000", "netIncome": "253000000"}, {"fiscalDateEnding": "2005-06-30", "reportedCurrency": "USD", "grossProfit": "1102000000", "totalRevenue": "2442000000", "costOfRevenue": "1340000000", "costofGoodsAndServicesSold": "1340000000", "operatingIncome": "306000000", "sellingGeneralAndAdministrative": "0", "researchAndDevelopment": "0", "operatingExpenses": "755000000", "investmentIncomeNet": "None", "netInterestIncome": "None", "interestIncome": "None", "interestExpense": "196000000", "nonInterestIncome": "None", "otherNonOperatingIncome": "None", "depreciation": "None", "depreciationAndAmortization": "198000000", "incomeBeforeTax": "160000000", "incomeTaxExpense": "59000000", "interestAndDebtExpense": "None", "netIncomeFromContinuingOperations": "0", "comprehensiveIncomeNetOfTax": "None", "ebit": "306000000", "ebitda": "504000000", "netIncome": "-82000000"}, {"fiscalDateEnding": "2005-03-31", "reportedCurrency": "USD", "grossProfit": "1436000000", "totalRevenue": "3310000000", "costOfRevenue": "1874000000", "costofGoodsAndServicesSold": "1874000000", "operatingIncome": "592000000", "sellingGeneralAndAdministrative": "0", "researchAndDevelopment": "0", "operatingExpenses": "803000000", "investmentIncomeNet": "None", "netInterestIncome": "None", "interestIncome": "None", "interestExpense": "214000000", "nonInterestIncome": "None", "otherNonOperatingIncome": "None", "depreciation": "None", "depreciationAndAmortization": "212000000", "incomeBeforeTax": "453000000", "incomeTaxExpense": "168000000", "interestAndDebtExpense": "None", "netIncomeFromContinuingOperations": "0", "comprehensiveIncomeNetOfTax": "None", "ebit": "592000000", "ebitda": "804000000", "netIncome": "285000000"}, {"fiscalDateEnding": "2004-12-31", "reportedCurrency": "USD", "grossProfit": "1176000000", "totalRevenue": "2738000000", "costOfRevenue": "1562000000", "costofGoodsAndServicesSold": "1562000000", "operatingIncome": "309000000", "sellingGeneralAndAdministrative": "0", "researchAndDevelopment": "0", "operatingExpenses": "867000000", "investmentIncomeNet": "None", "netInterestIncome": "None", "interestIncome": "None", "interestExpense": "202000000", "nonInterestIncome": "None", "otherNonOperatingIncome": "None", "depreciation": "None", "depreciationAndAmortization": "202000000", "incomeBeforeTax": "129000000", "incomeTaxExpense": "42000000", "interestAndDebtExpense": "None", "netIncomeFromContinuingOperations": "0", "comprehensiveIncomeNetOfTax": "None", "ebit": "309000000", "ebitda": "511000000", "netIncome": "87000000"}]}