{"symbol": "STE", "annualReports": [{"fiscalDateEnding": "2024-03-31", "reportedCurrency": "USD", "grossProfit": "2218160000", "totalRevenue": "5138701000", "costOfRevenue": "2920541000", "costofGoodsAndServicesSold": "2920541000", "operatingIncome": "836118000", "sellingGeneralAndAdministrative": "1201318000", "researchAndDevelopment": "103679000", "operatingExpenses": "1400362000", "investmentIncomeNet": "None", "netInterestIncome": "-133308000", "interestIncome": "11043000", "interestExpense": "144351000", "nonInterestIncome": "None", "otherNonOperatingIncome": "None", "depreciation": "None", "depreciationAndAmortization": "565244000", "incomeBeforeTax": "702810000", "incomeTaxExpense": "149530000", "interestAndDebtExpense": "None", "netIncomeFromContinuingOperations": "553280000", "comprehensiveIncomeNetOfTax": "None", "ebit": "847161000", "ebitda": "1412405000", "netIncome": "378239000"}, {"fiscalDateEnding": "2023-03-31", "reportedCurrency": "USD", "grossProfit": "2159692000", "totalRevenue": "4957839000", "costOfRevenue": "2798147000", "costofGoodsAndServicesSold": "2798147000", "operatingIncome": "268185000", "sellingGeneralAndAdministrative": "1277208000", "researchAndDevelopment": "101581000", "operatingExpenses": "1400457000", "investmentIncomeNet": "None", "netInterestIncome": "-110837000", "interestIncome": "110837000", "interestExpense": "109620000", "nonInterestIncome": "None", "otherNonOperatingIncome": "-2848000", "depreciation": "None", "depreciationAndAmortization": "552897000", "incomeBeforeTax": "157348000", "incomeTaxExpense": "51535000", "interestAndDebtExpense": "None", "netIncomeFromContinuingOperations": "105813000", "comprehensiveIncomeNetOfTax": "None", "ebit": "791101000", "ebitda": "1343998000", "netIncome": "107030000"}, {"fiscalDateEnding": "2022-03-31", "reportedCurrency": "USD", "grossProfit": "2016362000", "totalRevenue": "4585064000", "costOfRevenue": "2568702000", "costofGoodsAndServicesSold": "2568702000", "operatingIncome": "425618000", "sellingGeneralAndAdministrative": "1487153000", "researchAndDevelopment": "87944000", "operatingExpenses": "1590696000", "investmentIncomeNet": "None", "netInterestIncome": "-83309000", "interestIncome": "6284000", "interestExpense": "89593000", "nonInterestIncome": "None", "otherNonOperatingIncome": "None", "depreciation": "None", "depreciationAndAmortization": "553104000", "incomeBeforeTax": "314503000", "incomeTaxExpense": "71633000", "interestAndDebtExpense": "None", "netIncomeFromContinuingOperations": "242870000", "comprehensiveIncomeNetOfTax": "None", "ebit": "404096000", "ebitda": "957200000", "netIncome": "243888000"}, {"fiscalDateEnding": "2021-03-31", "reportedCurrency": "USD", "grossProfit": "1343100000", "totalRevenue": "3107519000", "costOfRevenue": "1764419000", "costofGoodsAndServicesSold": "1764419000", "operatingIncome": "323303000", "sellingGeneralAndAdministrative": "724525000", "researchAndDevelopment": "66326000", "operatingExpenses": "797646000", "investmentIncomeNet": "None", "netInterestIncome": "-30835000", "interestIncome": "6345000", "interestExpense": "37180000", "nonInterestIncome": "None", "otherNonOperatingIncome": "6345000", "depreciation": "None", "depreciationAndAmortization": "219237000", "incomeBeforeTax": "517533000", "incomeTaxExpense": "120663000", "interestAndDebtExpense": "None", "netIncomeFromContinuingOperations": "396870000", "comprehensiveIncomeNetOfTax": "None", "ebit": "581088000", "ebitda": "800325000", "netIncome": "397400000"}, {"fiscalDateEnding": "2020-03-31", "reportedCurrency": "USD", "grossProfit": "1319923000", "totalRevenue": "3030895000", "costOfRevenue": "1710972000", "costofGoodsAndServicesSold": "1710972000", "operatingIncome": "341084000", "sellingGeneralAndAdministrative": "704079000", "researchAndDevelopment": "65546000", "operatingExpenses": "782277000", "investmentIncomeNet": "None", "netInterestIncome": "-38292000", "interestIncome": "38292000", "interestExpense": "40279000", "nonInterestIncome": "None", "otherNonOperatingIncome": "1987000", "depreciation": "None", "depreciationAndAmortization": "197235000", "incomeBeforeTax": "498681000", "incomeTaxExpense": "90876000", "interestAndDebtExpense": "None", "netIncomeFromContinuingOperations": "407805000", "comprehensiveIncomeNetOfTax": "None", "ebit": "545944000", "ebitda": "743179000", "netIncome": "407659000"}, {"fiscalDateEnding": "2019-03-31", "reportedCurrency": "USD", "grossProfit": "1175427000", "totalRevenue": "2782170000", "costOfRevenue": "1606743000", "costofGoodsAndServicesSold": "1606743000", "operatingIncome": "411465000", "sellingGeneralAndAdministrative": "659246000", "researchAndDevelopment": "63038000", "operatingExpenses": "732975000", "investmentIncomeNet": "None", "netInterestIncome": "-41995000", "interestIncome": "41995000", "interestExpense": "45015000", "nonInterestIncome": "None", "otherNonOperatingIncome": "3020000", "depreciation": "None", "depreciationAndAmortization": "225921000", "incomeBeforeTax": "369470000", "incomeTaxExpense": "64394000", "interestAndDebtExpense": "None", "netIncomeFromContinuingOperations": "305076000", "comprehensiveIncomeNetOfTax": "None", "ebit": "467161000", "ebitda": "693082000", "netIncome": "304051000"}, {"fiscalDateEnding": "2018-03-31", "reportedCurrency": "USD", "grossProfit": "1094223000", "totalRevenue": "2619996000", "costOfRevenue": "1525773000", "costofGoodsAndServicesSold": "1525773000", "operatingIncome": "403454000", "sellingGeneralAndAdministrative": "618998000", "researchAndDevelopment": "60782000", "operatingExpenses": "690666000", "investmentIncomeNet": "None", "netInterestIncome": "-48472000", "interestIncome": "44901000", "interestExpense": "50629000", "nonInterestIncome": "None", "otherNonOperatingIncome": "None", "depreciation": "None", "depreciationAndAmortization": "178332000", "incomeBeforeTax": "354982000", "incomeTaxExpense": "63360000", "interestAndDebtExpense": "None", "netIncomeFromContinuingOperations": "291622000", "comprehensiveIncomeNetOfTax": "None", "ebit": "416197000", "ebitda": "594529000", "netIncome": "290915000"}, {"fiscalDateEnding": "2017-03-31", "reportedCurrency": "USD", "grossProfit": "1025632000", "totalRevenue": "2612756000", "costOfRevenue": "1587124000", "costofGoodsAndServicesSold": "1587124000", "operatingIncome": "227595000", "sellingGeneralAndAdministrative": "667447000", "researchAndDevelopment": "59397000", "operatingExpenses": "739466000", "investmentIncomeNet": "None", "netInterestIncome": "-42949000", "interestIncome": "41560000", "interestExpense": "44520000", "nonInterestIncome": "None", "otherNonOperatingIncome": "None", "depreciation": "None", "depreciationAndAmortization": "188142000", "incomeBeforeTax": "184646000", "incomeTaxExpense": "74015000", "interestAndDebtExpense": "None", "netIncomeFromContinuingOperations": "110631000", "comprehensiveIncomeNetOfTax": "None", "ebit": "314859000", "ebitda": "503001000", "netIncome": "109965000"}, {"fiscalDateEnding": "2016-03-31", "reportedCurrency": "USD", "grossProfit": "895481000", "totalRevenue": "2238764000", "costOfRevenue": "1343283000", "costofGoodsAndServicesSold": "1343283000", "operatingIncome": "212927000", "sellingGeneralAndAdministrative": "615925000", "researchAndDevelopment": "56664000", "operatingExpenses": "683374000", "investmentIncomeNet": "None", "netInterestIncome": "None", "interestIncome": "41043000", "interestExpense": "42708000", "nonInterestIncome": "None", "otherNonOperatingIncome": "None", "depreciation": "None", "depreciationAndAmortization": "143740000", "incomeBeforeTax": "171884000", "incomeTaxExpense": "60299000", "interestAndDebtExpense": "None", "netIncomeFromContinuingOperations": "111585000", "comprehensiveIncomeNetOfTax": "None", "ebit": "294998000", "ebitda": "438738000", "netIncome": "110763000"}, {"fiscalDateEnding": "2015-03-31", "reportedCurrency": "USD", "grossProfit": "774301000", "totalRevenue": "1850263000", "costOfRevenue": "1075962000", "costofGoodsAndServicesSold": "1075962000", "operatingIncome": "227211000", "sellingGeneralAndAdministrative": "483610000", "researchAndDevelopment": "54139000", "operatingExpenses": "547481000", "investmentIncomeNet": "None", "netInterestIncome": "None", "interestIncome": "None", "interestExpense": "19187000", "nonInterestIncome": "None", "otherNonOperatingIncome": "None", "depreciation": "None", "depreciationAndAmortization": "91541000", "incomeBeforeTax": "208820000", "incomeTaxExpense": "73756000", "interestAndDebtExpense": "None", "netIncomeFromContinuingOperations": "135064000", "comprehensiveIncomeNetOfTax": "None", "ebit": "228007000", "ebitda": "319548000", "netIncome": "135064000"}, {"fiscalDateEnding": "2014-03-31", "reportedCurrency": "USD", "grossProfit": "649622000", "totalRevenue": "1622252000", "costOfRevenue": "972630000", "costofGoodsAndServicesSold": "972630000", "operatingIncome": "206807000", "sellingGeneralAndAdministrative": "372364000", "researchAndDevelopment": "48641000", "operatingExpenses": "429611000", "investmentIncomeNet": "None", "netInterestIncome": "None", "interestIncome": "None", "interestExpense": "18770000", "nonInterestIncome": "None", "otherNonOperatingIncome": "None", "depreciation": "None", "depreciationAndAmortization": "75649000", "incomeBeforeTax": "188376000", "incomeTaxExpense": "58934000", "interestAndDebtExpense": "None", "netIncomeFromContinuingOperations": "129442000", "comprehensiveIncomeNetOfTax": "None", "ebit": "228155000", "ebitda": "303804000", "netIncome": "129442000"}, {"fiscalDateEnding": "2013-03-31", "reportedCurrency": "USD", "grossProfit": "621263000", "totalRevenue": "1501902000", "costOfRevenue": "880639000", "costofGoodsAndServicesSold": "880639000", "operatingIncome": "242829000", "sellingGeneralAndAdministrative": "347596000", "researchAndDevelopment": "41305000", "operatingExpenses": "395781000", "investmentIncomeNet": "None", "netInterestIncome": "None", "interestIncome": "None", "interestExpense": "15731000", "nonInterestIncome": "None", "otherNonOperatingIncome": "None", "depreciation": "None", "depreciationAndAmortization": "69035000", "incomeBeforeTax": "227098000", "incomeTaxExpense": "67121000", "interestAndDebtExpense": "None", "netIncomeFromContinuingOperations": "None", "comprehensiveIncomeNetOfTax": "None", "ebit": "225482000", "ebitda": "294517000", "netIncome": "159977000"}, {"fiscalDateEnding": "2012-03-31", "reportedCurrency": "USD", "grossProfit": "568465000", "totalRevenue": "1391504000", "costOfRevenue": "823039000", "costofGoodsAndServicesSold": "823039000", "operatingIncome": "222316000", "sellingGeneralAndAdministrative": "345505000", "researchAndDevelopment": "35953000", "operatingExpenses": "345505000", "investmentIncomeNet": "None", "netInterestIncome": "None", "interestIncome": "None", "interestExpense": "12065000", "nonInterestIncome": "None", "otherNonOperatingIncome": "None", "depreciation": "None", "depreciationAndAmortization": "62906000", "incomeBeforeTax": "211108000", "incomeTaxExpense": "74993000", "interestAndDebtExpense": "None", "netIncomeFromContinuingOperations": "None", "comprehensiveIncomeNetOfTax": "None", "ebit": "223173000", "ebitda": "286079000", "netIncome": "136115000"}, {"fiscalDateEnding": "2011-03-31", "reportedCurrency": "USD", "grossProfit": "446162000", "totalRevenue": "1207448000", "costOfRevenue": "761286000", "costofGoodsAndServicesSold": "761286000", "operatingIncome": "85212000", "sellingGeneralAndAdministrative": "339952000", "researchAndDevelopment": "34280000", "operatingExpenses": "359748000", "investmentIncomeNet": "None", "netInterestIncome": "None", "interestIncome": "None", "interestExpense": "12000000", "nonInterestIncome": "None", "otherNonOperatingIncome": "None", "depreciation": "None", "depreciationAndAmortization": "54389000", "incomeBeforeTax": "73819000", "incomeTaxExpense": "22554000", "interestAndDebtExpense": "None", "netIncomeFromContinuingOperations": "None", "comprehensiveIncomeNetOfTax": "None", "ebit": "85969000", "ebitda": "140358000", "netIncome": "51265000"}, {"fiscalDateEnding": "2010-03-31", "reportedCurrency": "USD", "grossProfit": "539182000", "totalRevenue": "1257733000", "costOfRevenue": "718551000", "costofGoodsAndServicesSold": "718551000", "operatingIncome": "203712000", "sellingGeneralAndAdministrative": "330621000", "researchAndDevelopment": "34008000", "operatingExpenses": "330622000", "investmentIncomeNet": "None", "netInterestIncome": "None", "interestIncome": "None", "interestExpense": "13171000", "nonInterestIncome": "None", "otherNonOperatingIncome": "None", "depreciation": "None", "depreciationAndAmortization": "56218000", "incomeBeforeTax": "191816000", "incomeTaxExpense": "63349000", "interestAndDebtExpense": "None", "netIncomeFromContinuingOperations": "None", "comprehensiveIncomeNetOfTax": "None", "ebit": "204987000", "ebitda": "261205000", "netIncome": "128467000"}, {"fiscalDateEnding": "2009-03-31", "reportedCurrency": "USD", "grossProfit": "526742000", "totalRevenue": "1298525000", "costOfRevenue": "771783000", "costofGoodsAndServicesSold": "771783000", "operatingIncome": "175445000", "sellingGeneralAndAdministrative": "359404000", "researchAndDevelopment": "32760000", "operatingExpenses": "347743000", "investmentIncomeNet": "None", "netInterestIncome": "None", "interestIncome": "None", "interestExpense": "10563000", "nonInterestIncome": "None", "otherNonOperatingIncome": "None", "depreciation": "None", "depreciationAndAmortization": "58773000", "incomeBeforeTax": "166485000", "incomeTaxExpense": "55800000", "interestAndDebtExpense": "None", "netIncomeFromContinuingOperations": "None", "comprehensiveIncomeNetOfTax": "None", "ebit": "177048000", "ebitda": "235821000", "netIncome": "110685000"}, {"fiscalDateEnding": "2008-03-31", "reportedCurrency": "USD", "grossProfit": "523957000", "totalRevenue": "1265090000", "costOfRevenue": "741133000", "costofGoodsAndServicesSold": "741133000", "operatingIncome": "123545000", "sellingGeneralAndAdministrative": "384951000", "researchAndDevelopment": "36916000", "operatingExpenses": "384951000", "investmentIncomeNet": "None", "netInterestIncome": "None", "interestIncome": "None", "interestExpense": "34668000", "nonInterestIncome": "None", "otherNonOperatingIncome": "None", "depreciation": "None", "depreciationAndAmortization": "62778000", "incomeBeforeTax": "119799000", "incomeTaxExpense": "42693000", "interestAndDebtExpense": "None", "netIncomeFromContinuingOperations": "None", "comprehensiveIncomeNetOfTax": "None", "ebit": "125778000", "ebitda": "188556000", "netIncome": "77106000"}, {"fiscalDateEnding": "2007-03-31", "reportedCurrency": "USD", "grossProfit": "504807000", "totalRevenue": "1197407000", "costOfRevenue": "692600000", "costofGoodsAndServicesSold": "692600000", "operatingIncome": "137701000", "sellingGeneralAndAdministrative": "360522000", "researchAndDevelopment": "33626000", "operatingExpenses": "360522000", "investmentIncomeNet": "None", "netInterestIncome": "None", "interestIncome": "None", "interestExpense": "16881000", "nonInterestIncome": "None", "otherNonOperatingIncome": "None", "depreciation": "None", "depreciationAndAmortization": "60257000", "incomeBeforeTax": "132930000", "incomeTaxExpense": "51833000", "interestAndDebtExpense": "None", "netIncomeFromContinuingOperations": "None", "comprehensiveIncomeNetOfTax": "None", "ebit": "140141000", "ebitda": "200398000", "netIncome": "82155000"}, {"fiscalDateEnding": "2006-03-31", "reportedCurrency": "USD", "grossProfit": "484185000", "totalRevenue": "1160285000", "costOfRevenue": "676100000", "costofGoodsAndServicesSold": "676100000", "operatingIncome": "109698000", "sellingGeneralAndAdministrative": "349179000", "researchAndDevelopment": "33597000", "operatingExpenses": "349179000", "investmentIncomeNet": "None", "netInterestIncome": "None", "interestIncome": "None", "interestExpense": "44853000", "nonInterestIncome": "None", "otherNonOperatingIncome": "None", "depreciation": "None", "depreciationAndAmortization": "57919000", "incomeBeforeTax": "108118000", "incomeTaxExpense": "45172000", "interestAndDebtExpense": "None", "netIncomeFromContinuingOperations": "None", "comprehensiveIncomeNetOfTax": "None", "ebit": "113053000", "ebitda": "170972000", "netIncome": "70289000"}, {"fiscalDateEnding": "2005-03-31", "reportedCurrency": "USD", "grossProfit": "471651000", "totalRevenue": "1119745000", "costOfRevenue": "648094000", "costofGoodsAndServicesSold": "648094000", "operatingIncome": "144993000", "sellingGeneralAndAdministrative": "326658000", "researchAndDevelopment": "35547000", "operatingExpenses": "326658000", "investmentIncomeNet": "None", "netInterestIncome": "None", "interestIncome": "None", "interestExpense": "3052000", "nonInterestIncome": "None", "otherNonOperatingIncome": "None", "depreciation": "None", "depreciationAndAmortization": "51192000", "incomeBeforeTax": "141941000", "incomeTaxExpense": "55961000", "interestAndDebtExpense": "None", "netIncomeFromContinuingOperations": "None", "comprehensiveIncomeNetOfTax": "None", "ebit": "144993000", "ebitda": "196185000", "netIncome": "85980000"}], "quarterlyReports": [{"fiscalDateEnding": "2024-12-31", "reportedCurrency": "USD", "grossProfit": "610332000", "totalRevenue": "1370570000", "costOfRevenue": "760238000", "costofGoodsAndServicesSold": "760238000", "operatingIncome": "245293000", "sellingGeneralAndAdministrative": "335450000", "researchAndDevelopment": "27358000", "operatingExpenses": "365039000", "investmentIncomeNet": "None", "netInterestIncome": "-16660000", "interestIncome": "2434000", "interestExpense": "19094000", "nonInterestIncome": "None", "otherNonOperatingIncome": "None", "depreciation": "None", "depreciationAndAmortization": "-2546000", "incomeBeforeTax": "228745000", "incomeTaxExpense": "55384000", "interestAndDebtExpense": "None", "netIncomeFromContinuingOperations": "173361000", "comprehensiveIncomeNetOfTax": "None", "ebit": "247839000", "ebitda": "245293000", "netIncome": "173534000"}, {"fiscalDateEnding": "2024-09-30", "reportedCurrency": "USD", "grossProfit": "578791000", "totalRevenue": "1328912000", "costOfRevenue": "750121000", "costofGoodsAndServicesSold": "750121000", "operatingIncome": "219666000", "sellingGeneralAndAdministrative": "329298000", "researchAndDevelopment": "27031000", "operatingExpenses": "359125000", "investmentIncomeNet": "None", "netInterestIncome": "-18542000", "interestIncome": "1126000", "interestExpense": "19668000", "nonInterestIncome": "None", "otherNonOperatingIncome": "None", "depreciation": "None", "depreciationAndAmortization": "115255000", "incomeBeforeTax": "194892000", "incomeTaxExpense": "43506000", "interestAndDebtExpense": "None", "netIncomeFromContinuingOperations": "151386000", "comprehensiveIncomeNetOfTax": "None", "ebit": "214560000", "ebitda": "329815000", "netIncome": "150034000"}, {"fiscalDateEnding": "2024-06-30", "reportedCurrency": "USD", "grossProfit": "572671000", "totalRevenue": "1279502000", "costOfRevenue": "706831000", "costofGoodsAndServicesSold": "706831000", "operatingIncome": "241940000", "sellingGeneralAndAdministrative": "335626000", "researchAndDevelopment": "25573000", "operatingExpenses": "330731000", "investmentIncomeNet": "None", "netInterestIncome": "-29075000", "interestIncome": "1309000", "interestExpense": "30384000", "nonInterestIncome": "None", "otherNonOperatingIncome": "None", "depreciation": "None", "depreciationAndAmortization": "112698000", "incomeBeforeTax": "175259000", "incomeTaxExpense": "35310000", "interestAndDebtExpense": "None", "netIncomeFromContinuingOperations": "139949000", "comprehensiveIncomeNetOfTax": "None", "ebit": "205643000", "ebitda": "318341000", "netIncome": "145401000"}, {"fiscalDateEnding": "2024-03-31", "reportedCurrency": "USD", "grossProfit": "650662000", "totalRevenue": "1419387000", "costOfRevenue": "768725000", "costofGoodsAndServicesSold": "768725000", "operatingIncome": "246377000", "sellingGeneralAndAdministrative": "152091000", "researchAndDevelopment": "27462000", "operatingExpenses": "404285000", "investmentIncomeNet": "None", "netInterestIncome": "-29770000", "interestIncome": "6333000", "interestExpense": "36103000", "nonInterestIncome": "None", "otherNonOperatingIncome": "None", "depreciation": "None", "depreciationAndAmortization": "66605001", "incomeBeforeTax": "190575000", "incomeTaxExpense": "37276000", "interestAndDebtExpense": "None", "netIncomeFromContinuingOperations": "172199000", "comprehensiveIncomeNetOfTax": "None", "ebit": "267216999", "ebitda": "333822000", "netIncome": "-1377000"}, {"fiscalDateEnding": "2023-12-31", "reportedCurrency": "USD", "grossProfit": "602593000", "totalRevenue": "1395645000", "costOfRevenue": "793052000", "costofGoodsAndServicesSold": "793052000", "operatingIncome": "216156000", "sellingGeneralAndAdministrative": "360518000", "researchAndDevelopment": "25913000", "operatingExpenses": "386431000", "investmentIncomeNet": "None", "netInterestIncome": "-36867000", "interestIncome": "2080000", "interestExpense": "38947000", "nonInterestIncome": "None", "otherNonOperatingIncome": "None", "depreciation": "None", "depreciationAndAmortization": "140629000", "incomeBeforeTax": "179289000", "incomeTaxExpense": "38344000", "interestAndDebtExpense": "None", "netIncomeFromContinuingOperations": "140945000", "comprehensiveIncomeNetOfTax": "None", "ebit": "221884000", "ebitda": "362513000", "netIncome": "140743000"}, {"fiscalDateEnding": "2023-09-30", "reportedCurrency": "USD", "grossProfit": "593529000", "totalRevenue": "1342360000", "costOfRevenue": "748831000", "costofGoodsAndServicesSold": "748831000", "operatingIncome": "185857000", "sellingGeneralAndAdministrative": "380651000", "researchAndDevelopment": "27044000", "operatingExpenses": "407695000", "investmentIncomeNet": "None", "netInterestIncome": "-35703000", "interestIncome": "35703000", "interestExpense": "36940000", "nonInterestIncome": "None", "otherNonOperatingIncome": "None", "depreciation": "None", "depreciationAndAmortization": "152252000", "incomeBeforeTax": "150154000", "incomeTaxExpense": "33808000", "interestAndDebtExpense": "None", "netIncomeFromContinuingOperations": "116346000", "comprehensiveIncomeNetOfTax": "None", "ebit": "201847000", "ebitda": "354099000", "netIncome": "115319000"}, {"fiscalDateEnding": "2023-06-30", "reportedCurrency": "USD", "grossProfit": "573461000", "totalRevenue": "1284542000", "costOfRevenue": "711081000", "costofGoodsAndServicesSold": "711081000", "operatingIncome": "188882000", "sellingGeneralAndAdministrative": "359058000", "researchAndDevelopment": "25502000", "operatingExpenses": "384560000", "investmentIncomeNet": "None", "netInterestIncome": "-30968000", "interestIncome": "30968000", "interestExpense": "32361000", "nonInterestIncome": "None", "otherNonOperatingIncome": "1393000", "depreciation": "None", "depreciationAndAmortization": "137925000", "incomeBeforeTax": "157914000", "incomeTaxExpense": "34124000", "interestAndDebtExpense": "None", "netIncomeFromContinuingOperations": "123790000", "comprehensiveIncomeNetOfTax": "None", "ebit": "200017000", "ebitda": "337942000", "netIncome": "123554000"}, {"fiscalDateEnding": "2023-03-31", "reportedCurrency": "USD", "grossProfit": "588062000", "totalRevenue": "1384837000", "costOfRevenue": "796775000", "costofGoodsAndServicesSold": "796775000", "operatingIncome": "225402000", "sellingGeneralAndAdministrative": "314246000", "researchAndDevelopment": "26388000", "operatingExpenses": "362302000", "investmentIncomeNet": "None", "netInterestIncome": "-30281000", "interestIncome": "30281000", "interestExpense": "30020000", "nonInterestIncome": "None", "otherNonOperatingIncome": "352000", "depreciation": "None", "depreciationAndAmortization": "142204000", "incomeBeforeTax": "195121000", "incomeTaxExpense": "8157000", "interestAndDebtExpense": "None", "netIncomeFromContinuingOperations": "186964000", "comprehensiveIncomeNetOfTax": "None", "ebit": "225402000", "ebitda": "367606000", "netIncome": "187225000"}, {"fiscalDateEnding": "2022-12-31", "reportedCurrency": "USD", "grossProfit": "521497000", "totalRevenue": "1215994000", "costOfRevenue": "694497000", "costofGoodsAndServicesSold": "694497000", "operatingIncome": "190803000", "sellingGeneralAndAdministrative": "305141000", "researchAndDevelopment": "25514000", "operatingExpenses": "330694000", "investmentIncomeNet": "None", "netInterestIncome": "-30465000", "interestIncome": "30465000", "interestExpense": "28559000", "nonInterestIncome": "None", "otherNonOperatingIncome": "-1906000", "depreciation": "None", "depreciationAndAmortization": "410690150", "incomeBeforeTax": "160338000", "incomeTaxExpense": "37013000", "interestAndDebtExpense": "None", "netIncomeFromContinuingOperations": "123325000", "comprehensiveIncomeNetOfTax": "None", "ebit": "189400000", "ebitda": "600090150", "netIncome": "123325000"}, {"fiscalDateEnding": "2022-09-30", "reportedCurrency": "USD", "grossProfit": "532335000", "totalRevenue": "1200517000", "costOfRevenue": "668182000", "costofGoodsAndServicesSold": "668182000", "operatingIncome": "-306415000", "sellingGeneralAndAdministrative": "323195000", "researchAndDevelopment": "24928000", "operatingExpenses": "838750000", "investmentIncomeNet": "None", "netInterestIncome": "-26647000", "interestIncome": "26647000", "interestExpense": "26647000", "nonInterestIncome": "None", "otherNonOperatingIncome": "-524000", "depreciation": "None", "depreciationAndAmortization": "133879000", "incomeBeforeTax": "-333062000", "incomeTaxExpense": "-17831000", "interestAndDebtExpense": "None", "netIncomeFromContinuingOperations": "-315231000", "comprehensiveIncomeNetOfTax": "None", "ebit": "-306469000", "ebitda": "-172590000", "netIncome": "-315231000"}, {"fiscalDateEnding": "2022-06-30", "reportedCurrency": "USD", "grossProfit": "517798000", "totalRevenue": "1156491000", "costOfRevenue": "638693000", "costofGoodsAndServicesSold": "638693000", "operatingIncome": "158395000", "sellingGeneralAndAdministrative": "334626000", "researchAndDevelopment": "24751000", "operatingExpenses": "359403000", "investmentIncomeNet": "None", "netInterestIncome": "-23444000", "interestIncome": "23444000", "interestExpense": "23444000", "nonInterestIncome": "None", "otherNonOperatingIncome": "-770000", "depreciation": "None", "depreciationAndAmortization": "138863000", "incomeBeforeTax": "134951000", "incomeTaxExpense": "24196000", "interestAndDebtExpense": "None", "netIncomeFromContinuingOperations": "110755000", "comprehensiveIncomeNetOfTax": "None", "ebit": "158902000", "ebitda": "297765000", "netIncome": "110755000"}, {"fiscalDateEnding": "2022-03-31", "reportedCurrency": "USD", "grossProfit": "571622000", "totalRevenue": "1210686000", "costOfRevenue": "639064000", "costofGoodsAndServicesSold": "639064000", "operatingIncome": "91858000", "sellingGeneralAndAdministrative": "453636000", "researchAndDevelopment": "26097000", "operatingExpenses": "479733000", "investmentIncomeNet": "None", "netInterestIncome": "-20394000", "interestIncome": "1379000", "interestExpense": "21773000", "nonInterestIncome": "None", "otherNonOperatingIncome": "None", "depreciation": "None", "depreciationAndAmortization": "233831000", "incomeBeforeTax": "71464000", "incomeTaxExpense": "19411000", "interestAndDebtExpense": "None", "netIncomeFromContinuingOperations": "52053000", "comprehensiveIncomeNetOfTax": "None", "ebit": "93445000", "ebitda": "327276000", "netIncome": "52053000"}, {"fiscalDateEnding": "2021-12-31", "reportedCurrency": "USD", "grossProfit": "538114000", "totalRevenue": "1208971000", "costOfRevenue": "670857000", "costofGoodsAndServicesSold": "670857000", "operatingIncome": "202933000", "sellingGeneralAndAdministrative": "310564000", "researchAndDevelopment": "24824000", "operatingExpenses": "335181000", "investmentIncomeNet": "None", "netInterestIncome": "-20524000", "interestIncome": "20524000", "interestExpense": "22971000", "nonInterestIncome": "None", "otherNonOperatingIncome": "2447000", "depreciation": "None", "depreciationAndAmortization": "117610000", "incomeBeforeTax": "182409000", "incomeTaxExpense": "39315000", "interestAndDebtExpense": "None", "netIncomeFromContinuingOperations": "143094000", "comprehensiveIncomeNetOfTax": "None", "ebit": "205909000", "ebitda": "323519000", "netIncome": "143094000"}, {"fiscalDateEnding": "2021-09-30", "reportedCurrency": "USD", "grossProfit": "480344000", "totalRevenue": "1196985000", "costOfRevenue": "716641000", "costofGoodsAndServicesSold": "716641000", "operatingIncome": "116503000", "sellingGeneralAndAdministrative": "344799000", "researchAndDevelopment": "18832000", "operatingExpenses": "363841000", "investmentIncomeNet": "None", "netInterestIncome": "-22013000", "interestIncome": "22013000", "interestExpense": "23036000", "nonInterestIncome": "None", "otherNonOperatingIncome": "-3860000", "depreciation": "None", "depreciationAndAmortization": "118042000", "incomeBeforeTax": "89607000", "incomeTaxExpense": "19982000", "interestAndDebtExpense": "None", "netIncomeFromContinuingOperations": "69625000", "comprehensiveIncomeNetOfTax": "None", "ebit": "112829000", "ebitda": "230871000", "netIncome": "69625000"}, {"fiscalDateEnding": "2021-06-30", "reportedCurrency": "USD", "grossProfit": "426282000", "totalRevenue": "968422000", "costOfRevenue": "542140000", "costofGoodsAndServicesSold": "542140000", "operatingIncome": "14324000", "sellingGeneralAndAdministrative": "393752000", "researchAndDevelopment": "18192000", "operatingExpenses": "411958000", "investmentIncomeNet": "None", "netInterestIncome": "-20378000", "interestIncome": "1434000", "interestExpense": "21812000", "nonInterestIncome": "None", "otherNonOperatingIncome": "-21489000", "depreciation": "None", "depreciationAndAmortization": "83621000", "incomeBeforeTax": "-28977000", "incomeTaxExpense": "-7075000", "interestAndDebtExpense": "None", "netIncomeFromContinuingOperations": "-21902000", "comprehensiveIncomeNetOfTax": "None", "ebit": "-7070000", "ebitda": "76551000", "netIncome": "-21902000"}, {"fiscalDateEnding": "2021-03-31", "reportedCurrency": "USD", "grossProfit": "379818000", "totalRevenue": "873531000", "costOfRevenue": "493713000", "costofGoodsAndServicesSold": "493713000", "operatingIncome": "144258000", "sellingGeneralAndAdministrative": "214275000", "researchAndDevelopment": "17514000", "operatingExpenses": "238584000", "investmentIncomeNet": "None", "netInterestIncome": "-8555000", "interestIncome": "1569000", "interestExpense": "10124000", "nonInterestIncome": "None", "otherNonOperatingIncome": "1569000", "depreciation": "None", "depreciationAndAmortization": "59044000", "incomeBeforeTax": "135703000", "incomeTaxExpense": "48961000", "interestAndDebtExpense": "None", "netIncomeFromContinuingOperations": "88150000", "comprehensiveIncomeNetOfTax": "None", "ebit": "162884000", "ebitda": "221928000", "netIncome": "87443000"}, {"fiscalDateEnding": "2020-12-31", "reportedCurrency": "USD", "grossProfit": "345861000", "totalRevenue": "808924000", "costOfRevenue": "463063000", "costofGoodsAndServicesSold": "463063000", "operatingIncome": "147030000", "sellingGeneralAndAdministrative": "182373000", "researchAndDevelopment": "16438000", "operatingExpenses": "198831000", "investmentIncomeNet": "None", "netInterestIncome": "-7600000", "interestIncome": "1299000", "interestExpense": "8899000", "nonInterestIncome": "None", "otherNonOperatingIncome": "1299000", "depreciation": "None", "depreciationAndAmortization": "160193000", "incomeBeforeTax": "139430000", "incomeTaxExpense": "24842000", "interestAndDebtExpense": "None", "netIncomeFromContinuingOperations": "114588000", "comprehensiveIncomeNetOfTax": "None", "ebit": "33855588", "ebitda": "34015781", "netIncome": "114588000"}, {"fiscalDateEnding": "2020-09-30", "reportedCurrency": "USD", "grossProfit": "330037000", "totalRevenue": "756132000", "costOfRevenue": "426095000", "costofGoodsAndServicesSold": "426095000", "operatingIncome": "141263000", "sellingGeneralAndAdministrative": "17537000", "researchAndDevelopment": "16143000", "operatingExpenses": "188850000", "investmentIncomeNet": "None", "netInterestIncome": "-7477000", "interestIncome": "7477000", "interestExpense": "8665000", "nonInterestIncome": "None", "otherNonOperatingIncome": "1188000", "depreciation": "None", "depreciationAndAmortization": "54418000", "incomeBeforeTax": "133786000", "incomeTaxExpense": "27778000", "interestAndDebtExpense": "None", "netIncomeFromContinuingOperations": "106008000", "comprehensiveIncomeNetOfTax": "None", "ebit": "146861000", "ebitda": "201279000", "netIncome": "105858000"}, {"fiscalDateEnding": "2020-06-30", "reportedCurrency": "USD", "grossProfit": "285568000", "totalRevenue": "668932000", "costOfRevenue": "383364000", "costofGoodsAndServicesSold": "383364000", "operatingIncome": "114001000", "sellingGeneralAndAdministrative": "155170000", "researchAndDevelopment": "16231000", "operatingExpenses": "171401000", "investmentIncomeNet": "None", "netInterestIncome": "-7203000", "interestIncome": "7203000", "interestExpense": "9492000", "nonInterestIncome": "None", "otherNonOperatingIncome": "2289000", "depreciation": "None", "depreciationAndAmortization": "48954000", "incomeBeforeTax": "106798000", "incomeTaxExpense": "18674000", "interestAndDebtExpense": "None", "netIncomeFromContinuingOperations": "88124000", "comprehensiveIncomeNetOfTax": "None", "ebit": "124653000", "ebitda": "173607000", "netIncome": "88190000"}, {"fiscalDateEnding": "2020-03-31", "reportedCurrency": "USD", "grossProfit": "364060000", "totalRevenue": "822991000", "costOfRevenue": "458931000", "costofGoodsAndServicesSold": "458931000", "operatingIncome": "157765000", "sellingGeneralAndAdministrative": "176412000", "researchAndDevelopment": "17225000", "operatingExpenses": "206289000", "investmentIncomeNet": "None", "netInterestIncome": "-9753000", "interestIncome": "9753000", "interestExpense": "9577000", "nonInterestIncome": "None", "otherNonOperatingIncome": "None", "depreciation": "None", "depreciationAndAmortization": "50941000", "incomeBeforeTax": "148012000", "incomeTaxExpense": "24793000", "interestAndDebtExpense": "None", "netIncomeFromContinuingOperations": "123219000", "comprehensiveIncomeNetOfTax": "None", "ebit": "163703000", "ebitda": "214644000", "netIncome": "123316000"}, {"fiscalDateEnding": "2019-12-31", "reportedCurrency": "USD", "grossProfit": "331353000", "totalRevenue": "774261000", "costOfRevenue": "442908000", "costofGoodsAndServicesSold": "442908000", "operatingIncome": "142387000", "sellingGeneralAndAdministrative": "173006000", "researchAndDevelopment": "16487000", "operatingExpenses": "189414000", "investmentIncomeNet": "None", "netInterestIncome": "-8435000", "interestIncome": "8435000", "interestExpense": "9813000", "nonInterestIncome": "None", "otherNonOperatingIncome": "1378000", "depreciation": "None", "depreciationAndAmortization": "49558000", "incomeBeforeTax": "133952000", "incomeTaxExpense": "29285000", "interestAndDebtExpense": "None", "netIncomeFromContinuingOperations": "104667000", "comprehensiveIncomeNetOfTax": "None", "ebit": "143660000", "ebitda": "193218000", "netIncome": "104930000"}, {"fiscalDateEnding": "2019-09-30", "reportedCurrency": "USD", "grossProfit": "318667000", "totalRevenue": "736840000", "costOfRevenue": "418173000", "costofGoodsAndServicesSold": "418173000", "operatingIncome": "126733000", "sellingGeneralAndAdministrative": "176258000", "researchAndDevelopment": "16249000", "operatingExpenses": "192208000", "investmentIncomeNet": "None", "netInterestIncome": "-9426000", "interestIncome": "9426000", "interestExpense": "10444000", "nonInterestIncome": "None", "otherNonOperatingIncome": "1018000", "depreciation": "None", "depreciationAndAmortization": "49634000", "incomeBeforeTax": "117307000", "incomeTaxExpense": "22165000", "interestAndDebtExpense": "None", "netIncomeFromContinuingOperations": "95142000", "comprehensiveIncomeNetOfTax": "None", "ebit": "126459000", "ebitda": "176093000", "netIncome": "94769000"}, {"fiscalDateEnding": "2019-06-30", "reportedCurrency": "USD", "grossProfit": "305843000", "totalRevenue": "696803000", "costOfRevenue": "390960000", "costofGoodsAndServicesSold": "390960000", "operatingIncome": "110088000", "sellingGeneralAndAdministrative": "179187000", "researchAndDevelopment": "15585000", "operatingExpenses": "194366000", "investmentIncomeNet": "None", "netInterestIncome": "-10678000", "interestIncome": "10678000", "interestExpense": "10678000", "nonInterestIncome": "None", "otherNonOperatingIncome": "-233000", "depreciation": "None", "depreciationAndAmortization": "47102000", "incomeBeforeTax": "99410000", "incomeTaxExpense": "14633000", "interestAndDebtExpense": "None", "netIncomeFromContinuingOperations": "84777000", "comprehensiveIncomeNetOfTax": "None", "ebit": "110088000", "ebitda": "157190000", "netIncome": "84590000"}, {"fiscalDateEnding": "2019-03-31", "reportedCurrency": "USD", "grossProfit": "334716000", "totalRevenue": "768213000", "costOfRevenue": "433497000", "costofGoodsAndServicesSold": "433497000", "operatingIncome": "140878000", "sellingGeneralAndAdministrative": "162429000", "researchAndDevelopment": "15878000", "operatingExpenses": "188998000", "investmentIncomeNet": "None", "netInterestIncome": "-7478000", "interestIncome": "7478000", "interestExpense": "10498000", "nonInterestIncome": "None", "otherNonOperatingIncome": "None", "depreciation": "None", "depreciationAndAmortization": "50263000", "incomeBeforeTax": "133400000", "incomeTaxExpense": "24523000", "interestAndDebtExpense": "None", "netIncomeFromContinuingOperations": "108877000", "comprehensiveIncomeNetOfTax": "None", "ebit": "143898000", "ebitda": "194161000", "netIncome": "108745000"}, {"fiscalDateEnding": "2018-12-31", "reportedCurrency": "USD", "grossProfit": "286997000", "totalRevenue": "696238000", "costOfRevenue": "409241000", "costofGoodsAndServicesSold": "409241000", "operatingIncome": "69584000", "sellingGeneralAndAdministrative": "159850000", "researchAndDevelopment": "15167000", "operatingExpenses": "191266000", "investmentIncomeNet": "None", "netInterestIncome": "None", "interestIncome": "None", "interestExpense": "11824000", "nonInterestIncome": "None", "otherNonOperatingIncome": "None", "depreciation": "None", "depreciationAndAmortization": "82687000", "incomeBeforeTax": "57760000", "incomeTaxExpense": "9334000", "interestAndDebtExpense": "None", "netIncomeFromContinuingOperations": "48426000", "comprehensiveIncomeNetOfTax": "None", "ebit": "69584000", "ebitda": "152271000", "netIncome": "47858000"}, {"fiscalDateEnding": "2018-09-30", "reportedCurrency": "USD", "grossProfit": "284664000", "totalRevenue": "678961000", "costOfRevenue": "394297000", "costofGoodsAndServicesSold": "394297000", "operatingIncome": "106579000", "sellingGeneralAndAdministrative": "162312000", "researchAndDevelopment": "15773000", "operatingExpenses": "178085000", "investmentIncomeNet": "None", "netInterestIncome": "None", "interestIncome": "None", "interestExpense": "11393000", "nonInterestIncome": "None", "otherNonOperatingIncome": "None", "depreciation": "None", "depreciationAndAmortization": "46117000", "incomeBeforeTax": "95259000", "incomeTaxExpense": "17764000", "interestAndDebtExpense": "None", "netIncomeFromContinuingOperations": "77495000", "comprehensiveIncomeNetOfTax": "None", "ebit": "106652000", "ebitda": "152769000", "netIncome": "77457000"}, {"fiscalDateEnding": "2018-06-30", "reportedCurrency": "USD", "grossProfit": "269050000", "totalRevenue": "638758000", "costOfRevenue": "369708000", "costofGoodsAndServicesSold": "369708000", "operatingIncome": "94424000", "sellingGeneralAndAdministrative": "158406000", "researchAndDevelopment": "16220000", "operatingExpenses": "174626000", "investmentIncomeNet": "None", "netInterestIncome": "None", "interestIncome": "None", "interestExpense": "11740000", "nonInterestIncome": "None", "otherNonOperatingIncome": "None", "depreciation": "None", "depreciationAndAmortization": "46854000", "incomeBeforeTax": "83051000", "incomeTaxExpense": "12773000", "interestAndDebtExpense": "None", "netIncomeFromContinuingOperations": "70278000", "comprehensiveIncomeNetOfTax": "None", "ebit": "94504000", "ebitda": "141358000", "netIncome": "69991000"}, {"fiscalDateEnding": "2018-03-31", "reportedCurrency": "USD", "grossProfit": "292753000", "totalRevenue": "715973000", "costOfRevenue": "423220000", "costofGoodsAndServicesSold": "423220000", "operatingIncome": "113623000", "sellingGeneralAndAdministrative": "150688000", "researchAndDevelopment": "17609000", "operatingExpenses": "179183000", "investmentIncomeNet": "None", "netInterestIncome": "None", "interestIncome": "None", "interestExpense": "13019000", "nonInterestIncome": "None", "otherNonOperatingIncome": "None", "depreciation": "None", "depreciationAndAmortization": "44477000", "incomeBeforeTax": "101445000", "incomeTaxExpense": "27822000", "interestAndDebtExpense": "None", "netIncomeFromContinuingOperations": "73623000", "comprehensiveIncomeNetOfTax": "None", "ebit": "128868000", "ebitda": "173345000", "netIncome": "73598000"}, {"fiscalDateEnding": "2017-12-31", "reportedCurrency": "USD", "grossProfit": "278588000", "totalRevenue": "661900000", "costOfRevenue": "383312000", "costofGoodsAndServicesSold": "383312000", "operatingIncome": "104172000", "sellingGeneralAndAdministrative": "160332000", "researchAndDevelopment": "15195000", "operatingExpenses": "174338000", "investmentIncomeNet": "None", "netInterestIncome": "None", "interestIncome": "None", "interestExpense": "12461000", "nonInterestIncome": "None", "otherNonOperatingIncome": "None", "depreciation": "None", "depreciationAndAmortization": "44656000", "incomeBeforeTax": "91936000", "incomeTaxExpense": "-3404000", "interestAndDebtExpense": "None", "netIncomeFromContinuingOperations": "205541000", "comprehensiveIncomeNetOfTax": "None", "ebit": "103358000", "ebitda": "148014000", "netIncome": "94781000"}, {"fiscalDateEnding": "2017-09-30", "reportedCurrency": "USD", "grossProfit": "266761000", "totalRevenue": "634159000", "costOfRevenue": "367398000", "costofGoodsAndServicesSold": "367398000", "operatingIncome": "99404000", "sellingGeneralAndAdministrative": "164674000", "researchAndDevelopment": "13974000", "operatingExpenses": "167330000", "investmentIncomeNet": "None", "netInterestIncome": "None", "interestIncome": "None", "interestExpense": "12683000", "nonInterestIncome": "None", "otherNonOperatingIncome": "None", "depreciation": "None", "depreciationAndAmortization": "45548000", "incomeBeforeTax": "87347000", "incomeTaxExpense": "22903000", "interestAndDebtExpense": "None", "netIncomeFromContinuingOperations": "-168416000", "comprehensiveIncomeNetOfTax": "None", "ebit": "98544000", "ebitda": "144092000", "netIncome": "64459000"}, {"fiscalDateEnding": "2017-06-30", "reportedCurrency": "USD", "grossProfit": "256121000", "totalRevenue": "607964000", "costOfRevenue": "351843000", "costofGoodsAndServicesSold": "351843000", "operatingIncome": "86255000", "sellingGeneralAndAdministrative": "166427000", "researchAndDevelopment": "14004000", "operatingExpenses": "169815000", "investmentIncomeNet": "None", "netInterestIncome": "None", "interestIncome": "None", "interestExpense": "12466000", "nonInterestIncome": "None", "otherNonOperatingIncome": "None", "depreciation": "None", "depreciationAndAmortization": "43651000", "incomeBeforeTax": "74254000", "incomeTaxExpense": "16039000", "interestAndDebtExpense": "None", "netIncomeFromContinuingOperations": "58215000", "comprehensiveIncomeNetOfTax": "None", "ebit": "86582000", "ebitda": "130233000", "netIncome": "58077000"}, {"fiscalDateEnding": "2017-03-31", "reportedCurrency": "USD", "grossProfit": "280125000", "totalRevenue": "681189000", "costOfRevenue": "401064000", "costofGoodsAndServicesSold": "401064000", "operatingIncome": "58626000", "sellingGeneralAndAdministrative": "193121000", "researchAndDevelopment": "15761000", "operatingExpenses": "221504000", "investmentIncomeNet": "None", "netInterestIncome": "None", "interestIncome": "None", "interestExpense": "11545000", "nonInterestIncome": "None", "otherNonOperatingIncome": "None", "depreciation": "None", "depreciationAndAmortization": "52897000", "incomeBeforeTax": "47335000", "incomeTaxExpense": "21270000", "interestAndDebtExpense": "None", "netIncomeFromContinuingOperations": "-13111000", "comprehensiveIncomeNetOfTax": "None", "ebit": "84254000", "ebitda": "137151000", "netIncome": "26143000"}, {"fiscalDateEnding": "2016-12-31", "reportedCurrency": "USD", "grossProfit": "257609000", "totalRevenue": "646774000", "costOfRevenue": "389165000", "costofGoodsAndServicesSold": "389165000", "operatingIncome": "25884000", "sellingGeneralAndAdministrative": "137636000", "researchAndDevelopment": "14591000", "operatingExpenses": "173351000", "investmentIncomeNet": "None", "netInterestIncome": "None", "interestIncome": "None", "interestExpense": "10980000", "nonInterestIncome": "None", "otherNonOperatingIncome": "None", "depreciation": "None", "depreciationAndAmortization": "31384000", "incomeBeforeTax": "15443000", "incomeTaxExpense": "19790000", "interestAndDebtExpense": "None", "netIncomeFromContinuingOperations": "276929000", "comprehensiveIncomeNetOfTax": "None", "ebit": "91290000", "ebitda": "122674000", "netIncome": "-4996000"}, {"fiscalDateEnding": "2016-09-30", "reportedCurrency": "USD", "grossProfit": "247908000", "totalRevenue": "646415000", "costOfRevenue": "398507000", "costofGoodsAndServicesSold": "398507000", "operatingIncome": "69563000", "sellingGeneralAndAdministrative": "156022000", "researchAndDevelopment": "14617000", "operatingExpenses": "178297000", "investmentIncomeNet": "None", "netInterestIncome": "None", "interestIncome": "None", "interestExpense": "10924000", "nonInterestIncome": "None", "otherNonOperatingIncome": "None", "depreciation": "None", "depreciationAndAmortization": "50077000", "incomeBeforeTax": "58923000", "incomeTaxExpense": "18721000", "interestAndDebtExpense": "None", "netIncomeFromContinuingOperations": "-201588000", "comprehensiveIncomeNetOfTax": "None", "ebit": "69611000", "ebitda": "119688000", "netIncome": "40416000"}, {"fiscalDateEnding": "2016-06-30", "reportedCurrency": "USD", "grossProfit": "239990000", "totalRevenue": "638378000", "costOfRevenue": "398388000", "costofGoodsAndServicesSold": "398388000", "operatingIncome": "73522000", "sellingGeneralAndAdministrative": "161826000", "researchAndDevelopment": "14428000", "operatingExpenses": "166314000", "investmentIncomeNet": "None", "netInterestIncome": "None", "interestIncome": "None", "interestExpense": "11071000", "nonInterestIncome": "None", "otherNonOperatingIncome": "None", "depreciation": "None", "depreciationAndAmortization": "53784000", "incomeBeforeTax": "62944000", "incomeTaxExpense": "14234000", "interestAndDebtExpense": "None", "netIncomeFromContinuingOperations": "48401000", "comprehensiveIncomeNetOfTax": "None", "ebit": "73706000", "ebitda": "127490000", "netIncome": "48401000"}, {"fiscalDateEnding": "2016-03-31", "reportedCurrency": "USD", "grossProfit": "263889000", "totalRevenue": "690277000", "costOfRevenue": "426388000", "costofGoodsAndServicesSold": "426388000", "operatingIncome": "99326000", "sellingGeneralAndAdministrative": "139312000", "researchAndDevelopment": "14310000", "operatingExpenses": "164407000", "investmentIncomeNet": "None", "netInterestIncome": "None", "interestIncome": "None", "interestExpense": "11396000", "nonInterestIncome": "None", "otherNonOperatingIncome": "None", "depreciation": "None", "depreciationAndAmortization": "52815000", "incomeBeforeTax": "88479000", "incomeTaxExpense": "30610000", "interestAndDebtExpense": "None", "netIncomeFromContinuingOperations": "111585000", "comprehensiveIncomeNetOfTax": "None", "ebit": "182373000", "ebitda": "235188000", "netIncome": "57740000"}, {"fiscalDateEnding": "2015-12-31", "reportedCurrency": "USD", "grossProfit": "238181000", "totalRevenue": "618688000", "costOfRevenue": "380507000", "costofGoodsAndServicesSold": "380507000", "operatingIncome": "46722000", "sellingGeneralAndAdministrative": "151508000", "researchAndDevelopment": "14334000", "operatingExpenses": "191653000", "investmentIncomeNet": "None", "netInterestIncome": "None", "interestIncome": "None", "interestExpense": "17706000", "nonInterestIncome": "None", "otherNonOperatingIncome": "None", "depreciation": "None", "depreciationAndAmortization": "44827000", "incomeBeforeTax": "29422000", "incomeTaxExpense": "8268000", "interestAndDebtExpense": "None", "netIncomeFromContinuingOperations": "0", "comprehensiveIncomeNetOfTax": "None", "ebit": "46528000", "ebitda": "91355000", "netIncome": "20045000"}, {"fiscalDateEnding": "2015-09-30", "reportedCurrency": "USD", "grossProfit": "209321000", "totalRevenue": "489897000", "costOfRevenue": "280576000", "costofGoodsAndServicesSold": "280576000", "operatingIncome": "22663000", "sellingGeneralAndAdministrative": "136217000", "researchAndDevelopment": "14255000", "operatingExpenses": "186714000", "investmentIncomeNet": "None", "netInterestIncome": "None", "interestIncome": "None", "interestExpense": "7485000", "nonInterestIncome": "None", "otherNonOperatingIncome": "None", "depreciation": "None", "depreciationAndAmortization": "23745000", "incomeBeforeTax": "15841000", "incomeTaxExpense": "7154000", "interestAndDebtExpense": "None", "netIncomeFromContinuingOperations": "0", "comprehensiveIncomeNetOfTax": "None", "ebit": "22648000", "ebitda": "46393000", "netIncome": "8687000"}, {"fiscalDateEnding": "2015-06-30", "reportedCurrency": "USD", "grossProfit": "184090000", "totalRevenue": "439902000", "costOfRevenue": "255812000", "costofGoodsAndServicesSold": "255812000", "operatingIncome": "44216000", "sellingGeneralAndAdministrative": "129056000", "researchAndDevelopment": "13765000", "operatingExpenses": "140600000", "investmentIncomeNet": "None", "netInterestIncome": "None", "interestIncome": "None", "interestExpense": "6120000", "nonInterestIncome": "None", "otherNonOperatingIncome": "None", "depreciation": "None", "depreciationAndAmortization": "22353000", "incomeBeforeTax": "38558000", "incomeTaxExpense": "14267000", "interestAndDebtExpense": "None", "netIncomeFromContinuingOperations": "0", "comprehensiveIncomeNetOfTax": "None", "ebit": "44678000", "ebitda": "67031000", "netIncome": "24291000"}, {"fiscalDateEnding": "2015-03-31", "reportedCurrency": "USD", "grossProfit": "213060000", "totalRevenue": "501647000", "costOfRevenue": "288587000", "costofGoodsAndServicesSold": "288587000", "operatingIncome": "68274000", "sellingGeneralAndAdministrative": "121260000", "researchAndDevelopment": "14175000", "operatingExpenses": "145167000", "investmentIncomeNet": "None", "netInterestIncome": "None", "interestIncome": "None", "interestExpense": "4735000", "nonInterestIncome": "None", "otherNonOperatingIncome": "None", "depreciation": "None", "depreciationAndAmortization": "22101000", "incomeBeforeTax": "63662000", "incomeTaxExpense": "22263000", "interestAndDebtExpense": "None", "netIncomeFromContinuingOperations": "135064000", "comprehensiveIncomeNetOfTax": "None", "ebit": "68397000", "ebitda": "90498000", "netIncome": "41399000"}, {"fiscalDateEnding": "2014-12-31", "reportedCurrency": "USD", "grossProfit": "197156000", "totalRevenue": "473244000", "costOfRevenue": "276088000", "costofGoodsAndServicesSold": "276088000", "operatingIncome": "61346000", "sellingGeneralAndAdministrative": "126059000", "researchAndDevelopment": "14549000", "operatingExpenses": "136919000", "investmentIncomeNet": "None", "netInterestIncome": "None", "interestIncome": "None", "interestExpense": "4822000", "nonInterestIncome": "None", "otherNonOperatingIncome": "None", "depreciation": "None", "depreciationAndAmortization": "21605000", "incomeBeforeTax": "56941000", "incomeTaxExpense": "18817000", "interestAndDebtExpense": "None", "netIncomeFromContinuingOperations": "0", "comprehensiveIncomeNetOfTax": "None", "ebit": "91137000", "ebitda": "112742000", "netIncome": "38124000"}, {"fiscalDateEnding": "2014-09-30", "reportedCurrency": "USD", "grossProfit": "193992000", "totalRevenue": "462729000", "costOfRevenue": "268737000", "costofGoodsAndServicesSold": "268737000", "operatingIncome": "53423000", "sellingGeneralAndAdministrative": "136236000", "researchAndDevelopment": "13006000", "operatingExpenses": "139298000", "investmentIncomeNet": "None", "netInterestIncome": "None", "interestIncome": "None", "interestExpense": "4948000", "nonInterestIncome": "None", "otherNonOperatingIncome": "None", "depreciation": "None", "depreciationAndAmortization": "27430000", "incomeBeforeTax": "48511000", "incomeTaxExpense": "17507000", "interestAndDebtExpense": "None", "netIncomeFromContinuingOperations": "0", "comprehensiveIncomeNetOfTax": "None", "ebit": "54358000", "ebitda": "81788000", "netIncome": "31004000"}, {"fiscalDateEnding": "2014-06-30", "reportedCurrency": "USD", "grossProfit": "170093000", "totalRevenue": "412643000", "costOfRevenue": "242550000", "costofGoodsAndServicesSold": "242550000", "operatingIncome": "44168000", "sellingGeneralAndAdministrative": "120465000", "researchAndDevelopment": "12409000", "operatingExpenses": "126097000", "investmentIncomeNet": "None", "netInterestIncome": "None", "interestIncome": "None", "interestExpense": "4682000", "nonInterestIncome": "None", "otherNonOperatingIncome": "None", "depreciation": "None", "depreciationAndAmortization": "20405000", "incomeBeforeTax": "39706000", "incomeTaxExpense": "15169000", "interestAndDebtExpense": "None", "netIncomeFromContinuingOperations": "0", "comprehensiveIncomeNetOfTax": "None", "ebit": "44388000", "ebitda": "64793000", "netIncome": "24537000"}, {"fiscalDateEnding": "2014-03-31", "reportedCurrency": "USD", "grossProfit": "184495000", "totalRevenue": "465287000", "costOfRevenue": "280792000", "costofGoodsAndServicesSold": "280792000", "operatingIncome": "59605000", "sellingGeneralAndAdministrative": "92277000", "researchAndDevelopment": "11681000", "operatingExpenses": "112564000", "investmentIncomeNet": "None", "netInterestIncome": "None", "interestIncome": "None", "interestExpense": "4619000", "nonInterestIncome": "None", "otherNonOperatingIncome": "None", "depreciation": "None", "depreciationAndAmortization": "19960000", "incomeBeforeTax": "54986000", "incomeTaxExpense": "16110000", "interestAndDebtExpense": "None", "netIncomeFromContinuingOperations": "129442000", "comprehensiveIncomeNetOfTax": "None", "ebit": "81140000", "ebitda": "101100000", "netIncome": "38876000"}, {"fiscalDateEnding": "2013-12-31", "reportedCurrency": "USD", "grossProfit": "163775000", "totalRevenue": "405551000", "costOfRevenue": "241776000", "costofGoodsAndServicesSold": "241776000", "operatingIncome": "55890000", "sellingGeneralAndAdministrative": "105493000", "researchAndDevelopment": "11580000", "operatingExpenses": "107077000", "investmentIncomeNet": "None", "netInterestIncome": "None", "interestIncome": "None", "interestExpense": "4672000", "nonInterestIncome": "None", "otherNonOperatingIncome": "None", "depreciation": "None", "depreciationAndAmortization": "19574000", "incomeBeforeTax": "51459000", "incomeTaxExpense": "22953000", "interestAndDebtExpense": "None", "netIncomeFromContinuingOperations": "0", "comprehensiveIncomeNetOfTax": "None", "ebit": "56698000", "ebitda": "76272000", "netIncome": "28506000"}, {"fiscalDateEnding": "2013-09-30", "reportedCurrency": "USD", "grossProfit": "154506000", "totalRevenue": "383762000", "costOfRevenue": "229256000", "costofGoodsAndServicesSold": "229256000", "operatingIncome": "50300000", "sellingGeneralAndAdministrative": "103562000", "researchAndDevelopment": "13527000", "operatingExpenses": "104188000", "investmentIncomeNet": "None", "netInterestIncome": "None", "interestIncome": "None", "interestExpense": "4869000", "nonInterestIncome": "None", "otherNonOperatingIncome": "None", "depreciation": "None", "depreciationAndAmortization": "17782000", "incomeBeforeTax": "45658000", "incomeTaxExpense": "15915000", "interestAndDebtExpense": "None", "netIncomeFromContinuingOperations": "0", "comprehensiveIncomeNetOfTax": "None", "ebit": "50318000", "ebitda": "68100000", "netIncome": "29743000"}, {"fiscalDateEnding": "2013-06-30", "reportedCurrency": "USD", "grossProfit": "146846000", "totalRevenue": "367652000", "costOfRevenue": "220806000", "costofGoodsAndServicesSold": "220806000", "operatingIncome": "41012000", "sellingGeneralAndAdministrative": "105074000", "researchAndDevelopment": "11853000", "operatingExpenses": "105782000", "investmentIncomeNet": "None", "netInterestIncome": "None", "interestIncome": "None", "interestExpense": "4987000", "nonInterestIncome": "None", "otherNonOperatingIncome": "None", "depreciation": "None", "depreciationAndAmortization": "18333000", "incomeBeforeTax": "36273000", "incomeTaxExpense": "3956000", "interestAndDebtExpense": "None", "netIncomeFromContinuingOperations": "0", "comprehensiveIncomeNetOfTax": "None", "ebit": "41260000", "ebitda": "59593000", "netIncome": "32317000"}, {"fiscalDateEnding": "2013-03-31", "reportedCurrency": "USD", "grossProfit": "177768000", "totalRevenue": "428216000", "costOfRevenue": "250448000", "costofGoodsAndServicesSold": "250448000", "operatingIncome": "65110000", "sellingGeneralAndAdministrative": "95029000", "researchAndDevelopment": "11726000", "operatingExpenses": "113635000", "investmentIncomeNet": "None", "netInterestIncome": "None", "interestIncome": "None", "interestExpense": "5145000", "nonInterestIncome": "None", "otherNonOperatingIncome": "None", "depreciation": "None", "depreciationAndAmortization": "20527000", "incomeBeforeTax": "59336000", "incomeTaxExpense": "17955000", "interestAndDebtExpense": "None", "netIncomeFromContinuingOperations": "0", "comprehensiveIncomeNetOfTax": "None", "ebit": "64481000", "ebitda": "85008000", "netIncome": "41381000"}, {"fiscalDateEnding": "2012-12-31", "reportedCurrency": "USD", "grossProfit": "153122000", "totalRevenue": "380405000", "costOfRevenue": "227283000", "costofGoodsAndServicesSold": "227283000", "operatingIncome": "67140000", "sellingGeneralAndAdministrative": "100056000", "researchAndDevelopment": "10415000", "operatingExpenses": "102168000", "investmentIncomeNet": "None", "netInterestIncome": "None", "interestIncome": "None", "interestExpense": "4207000", "nonInterestIncome": "None", "otherNonOperatingIncome": "None", "depreciation": "None", "depreciationAndAmortization": "18320000", "incomeBeforeTax": "63271000", "incomeTaxExpense": "15174000", "interestAndDebtExpense": "None", "netIncomeFromContinuingOperations": "0", "comprehensiveIncomeNetOfTax": "None", "ebit": "67478000", "ebitda": "85798000", "netIncome": "48097000"}, {"fiscalDateEnding": "2012-09-30", "reportedCurrency": "USD", "grossProfit": "153121000", "totalRevenue": "356321000", "costOfRevenue": "203200000", "costofGoodsAndServicesSold": "203200000", "operatingIncome": "62277000", "sellingGeneralAndAdministrative": "87444000", "researchAndDevelopment": "9852000", "operatingExpenses": "90892000", "investmentIncomeNet": "None", "netInterestIncome": "None", "interestIncome": "None", "interestExpense": "3406000", "nonInterestIncome": "None", "otherNonOperatingIncome": "None", "depreciation": "None", "depreciationAndAmortization": "15851000", "incomeBeforeTax": "58902000", "incomeTaxExpense": "18757000", "interestAndDebtExpense": "None", "netIncomeFromContinuingOperations": "0", "comprehensiveIncomeNetOfTax": "None", "ebit": "62308000", "ebitda": "78159000", "netIncome": "40145000"}, {"fiscalDateEnding": "2012-06-30", "reportedCurrency": "USD", "grossProfit": "137252000", "totalRevenue": "336960000", "costOfRevenue": "199708000", "costofGoodsAndServicesSold": "199708000", "operatingIncome": "48302000", "sellingGeneralAndAdministrative": "88979000", "researchAndDevelopment": "9312000", "operatingExpenses": "89086000", "investmentIncomeNet": "None", "netInterestIncome": "None", "interestIncome": "None", "interestExpense": "2972000", "nonInterestIncome": "None", "otherNonOperatingIncome": "None", "depreciation": "None", "depreciationAndAmortization": "14337000", "incomeBeforeTax": "45590000", "incomeTaxExpense": "15236000", "interestAndDebtExpense": "None", "netIncomeFromContinuingOperations": "0", "comprehensiveIncomeNetOfTax": "None", "ebit": "48562000", "ebitda": "62899000", "netIncome": "30354000"}, {"fiscalDateEnding": "2012-03-31", "reportedCurrency": "USD", "grossProfit": "164225000", "totalRevenue": "390249000", "costOfRevenue": "226024000", "costofGoodsAndServicesSold": "226024000", "operatingIncome": "74048000", "sellingGeneralAndAdministrative": "91055000", "researchAndDevelopment": "9086000", "operatingExpenses": "91055000", "investmentIncomeNet": "None", "netInterestIncome": "None", "interestIncome": "None", "interestExpense": "2982000", "nonInterestIncome": "None", "otherNonOperatingIncome": "None", "depreciation": "None", "depreciationAndAmortization": "16618000", "incomeBeforeTax": "70975000", "incomeTaxExpense": "26804000", "interestAndDebtExpense": "None", "netIncomeFromContinuingOperations": "0", "comprehensiveIncomeNetOfTax": "None", "ebit": "73957000", "ebitda": "90575000", "netIncome": "44171000"}, {"fiscalDateEnding": "2011-12-31", "reportedCurrency": "USD", "grossProfit": "138006000", "totalRevenue": "355215000", "costOfRevenue": "217209000", "costofGoodsAndServicesSold": "217209000", "operatingIncome": "53724000", "sellingGeneralAndAdministrative": "83117000", "researchAndDevelopment": "9196000", "operatingExpenses": "83118000", "investmentIncomeNet": "None", "netInterestIncome": "None", "interestIncome": "None", "interestExpense": "3005000", "nonInterestIncome": "None", "otherNonOperatingIncome": "None", "depreciation": "None", "depreciationAndAmortization": "16101000", "incomeBeforeTax": "51092000", "incomeTaxExpense": "17443000", "interestAndDebtExpense": "None", "netIncomeFromContinuingOperations": "0", "comprehensiveIncomeNetOfTax": "None", "ebit": "54097000", "ebitda": "70198000", "netIncome": "33649000"}, {"fiscalDateEnding": "2011-09-30", "reportedCurrency": "USD", "grossProfit": "133309000", "totalRevenue": "342707000", "costOfRevenue": "209398000", "costofGoodsAndServicesSold": "209398000", "operatingIncome": "47643000", "sellingGeneralAndAdministrative": "85567000", "researchAndDevelopment": "8915000", "operatingExpenses": "85567000", "investmentIncomeNet": "None", "netInterestIncome": "None", "interestIncome": "None", "interestExpense": "3081000", "nonInterestIncome": "None", "otherNonOperatingIncome": "None", "depreciation": "None", "depreciationAndAmortization": "15752000", "incomeBeforeTax": "45244000", "incomeTaxExpense": "15680000", "interestAndDebtExpense": "None", "netIncomeFromContinuingOperations": "0", "comprehensiveIncomeNetOfTax": "None", "ebit": "48325000", "ebitda": "64077000", "netIncome": "29564000"}, {"fiscalDateEnding": "2011-06-30", "reportedCurrency": "USD", "grossProfit": "132925000", "totalRevenue": "318639000", "costOfRevenue": "185714000", "costofGoodsAndServicesSold": "185714000", "operatingIncome": "46901000", "sellingGeneralAndAdministrative": "85766000", "researchAndDevelopment": "8757000", "operatingExpenses": "85766000", "investmentIncomeNet": "None", "netInterestIncome": "None", "interestIncome": "None", "interestExpense": "3104000", "nonInterestIncome": "None", "otherNonOperatingIncome": "None", "depreciation": "None", "depreciationAndAmortization": "14435000", "incomeBeforeTax": "43797000", "incomeTaxExpense": "15066000", "interestAndDebtExpense": "None", "netIncomeFromContinuingOperations": "0", "comprehensiveIncomeNetOfTax": "None", "ebit": "46901000", "ebitda": "61336000", "netIncome": "28731000"}, {"fiscalDateEnding": "2011-03-31", "reportedCurrency": "USD", "grossProfit": "156027000", "totalRevenue": "377760000", "costOfRevenue": "221733000", "costofGoodsAndServicesSold": "221733000", "operatingIncome": "57474000", "sellingGeneralAndAdministrative": "97774000", "researchAndDevelopment": "9889000", "operatingExpenses": "97774000", "investmentIncomeNet": "None", "netInterestIncome": "None", "interestIncome": "None", "interestExpense": "2948000", "nonInterestIncome": "None", "otherNonOperatingIncome": "None", "depreciation": "None", "depreciationAndAmortization": "14650000", "incomeBeforeTax": "54463000", "incomeTaxExpense": "15463000", "interestAndDebtExpense": "None", "netIncomeFromContinuingOperations": "0", "comprehensiveIncomeNetOfTax": "None", "ebit": "57410000", "ebitda": "72060000", "netIncome": "39000000"}, {"fiscalDateEnding": "2010-12-31", "reportedCurrency": "USD", "grossProfit": "137014000", "totalRevenue": "328283000", "costOfRevenue": "191269000", "costofGoodsAndServicesSold": "191269000", "operatingIncome": "35831000", "sellingGeneralAndAdministrative": "81410000", "researchAndDevelopment": "7739000", "operatingExpenses": "81410000", "investmentIncomeNet": "None", "netInterestIncome": "None", "interestIncome": "None", "interestExpense": "3049000", "nonInterestIncome": "None", "otherNonOperatingIncome": "None", "depreciation": "None", "depreciationAndAmortization": "13429000", "incomeBeforeTax": "33103000", "incomeTaxExpense": "11338000", "interestAndDebtExpense": "None", "netIncomeFromContinuingOperations": "0", "comprehensiveIncomeNetOfTax": "None", "ebit": "36152000", "ebitda": "49581000", "netIncome": "21765000"}, {"fiscalDateEnding": "2010-09-30", "reportedCurrency": "USD", "grossProfit": "135055000", "totalRevenue": "312425000", "costOfRevenue": "177370000", "costofGoodsAndServicesSold": "177370000", "operatingIncome": "54908000", "sellingGeneralAndAdministrative": "80042000", "researchAndDevelopment": "8043000", "operatingExpenses": "80042000", "investmentIncomeNet": "None", "netInterestIncome": "None", "interestIncome": "None", "interestExpense": "2996000", "nonInterestIncome": "None", "otherNonOperatingIncome": "None", "depreciation": "None", "depreciationAndAmortization": "13272000", "incomeBeforeTax": "52100000", "incomeTaxExpense": "16389000", "interestAndDebtExpense": "None", "netIncomeFromContinuingOperations": "0", "comprehensiveIncomeNetOfTax": "None", "ebit": "55096000", "ebitda": "68368000", "netIncome": "35711000"}, {"fiscalDateEnding": "2010-06-30", "reportedCurrency": "USD", "grossProfit": "18066000", "totalRevenue": "188980000", "costOfRevenue": "170914000", "costofGoodsAndServicesSold": "170914000", "operatingIncome": "-63001000", "sellingGeneralAndAdministrative": "80726000", "researchAndDevelopment": "8609000", "operatingExpenses": "80726000", "investmentIncomeNet": "None", "netInterestIncome": "None", "interestIncome": "None", "interestExpense": "3007000", "nonInterestIncome": "None", "otherNonOperatingIncome": "None", "depreciation": "None", "depreciationAndAmortization": "13038000", "incomeBeforeTax": "-65846000", "incomeTaxExpense": "-20636000", "interestAndDebtExpense": "None", "netIncomeFromContinuingOperations": "0", "comprehensiveIncomeNetOfTax": "None", "ebit": "-62839000", "ebitda": "-49801000", "netIncome": "-45210000"}, {"fiscalDateEnding": "2010-03-31", "reportedCurrency": "USD", "grossProfit": "142207000", "totalRevenue": "332129000", "costOfRevenue": "189922000", "costofGoodsAndServicesSold": "189922000", "operatingIncome": "51357000", "sellingGeneralAndAdministrative": "85689000", "researchAndDevelopment": "9973000", "operatingExpenses": "85689000", "investmentIncomeNet": "None", "netInterestIncome": "None", "interestIncome": "None", "interestExpense": "3667000", "nonInterestIncome": "None", "otherNonOperatingIncome": "None", "depreciation": "None", "depreciationAndAmortization": "14191000", "incomeBeforeTax": "47934000", "incomeTaxExpense": "18099000", "interestAndDebtExpense": "None", "netIncomeFromContinuingOperations": "0", "comprehensiveIncomeNetOfTax": "None", "ebit": "51601000", "ebitda": "65792000", "netIncome": "29835000"}, {"fiscalDateEnding": "2009-12-31", "reportedCurrency": "USD", "grossProfit": "139483000", "totalRevenue": "327832000", "costOfRevenue": "188349000", "costofGoodsAndServicesSold": "188349000", "operatingIncome": "59428000", "sellingGeneralAndAdministrative": "80042000", "researchAndDevelopment": "8265000", "operatingExpenses": "80041000", "investmentIncomeNet": "None", "netInterestIncome": "None", "interestIncome": "None", "interestExpense": "3291000", "nonInterestIncome": "None", "otherNonOperatingIncome": "None", "depreciation": "None", "depreciationAndAmortization": "14188000", "incomeBeforeTax": "56672000", "incomeTaxExpense": "15666000", "interestAndDebtExpense": "None", "netIncomeFromContinuingOperations": "0", "comprehensiveIncomeNetOfTax": "None", "ebit": "59963000", "ebitda": "74151000", "netIncome": "41006000"}, {"fiscalDateEnding": "2009-09-30", "reportedCurrency": "USD", "grossProfit": "132655000", "totalRevenue": "314229000", "costOfRevenue": "181574000", "costofGoodsAndServicesSold": "181574000", "operatingIncome": "50065000", "sellingGeneralAndAdministrative": "82705000", "researchAndDevelopment": "8189000", "operatingExpenses": "82705000", "investmentIncomeNet": "None", "netInterestIncome": "None", "interestIncome": "None", "interestExpense": "3130000", "nonInterestIncome": "None", "otherNonOperatingIncome": "None", "depreciation": "None", "depreciationAndAmortization": "13951000", "incomeBeforeTax": "47213000", "incomeTaxExpense": "15129000", "interestAndDebtExpense": "None", "netIncomeFromContinuingOperations": "0", "comprehensiveIncomeNetOfTax": "None", "ebit": "50343000", "ebitda": "64294000", "netIncome": "32084000"}, {"fiscalDateEnding": "2009-06-30", "reportedCurrency": "USD", "grossProfit": "124836000", "totalRevenue": "283543000", "costOfRevenue": "158707000", "costofGoodsAndServicesSold": "158707000", "operatingIncome": "42862000", "sellingGeneralAndAdministrative": "82185000", "researchAndDevelopment": "7580000", "operatingExpenses": "82185000", "investmentIncomeNet": "None", "netInterestIncome": "None", "interestIncome": "None", "interestExpense": "3083000", "nonInterestIncome": "None", "otherNonOperatingIncome": "None", "depreciation": "None", "depreciationAndAmortization": "13888000", "incomeBeforeTax": "39997000", "incomeTaxExpense": "14455000", "interestAndDebtExpense": "None", "netIncomeFromContinuingOperations": "0", "comprehensiveIncomeNetOfTax": "None", "ebit": "43080000", "ebitda": "56968000", "netIncome": "25542000"}, {"fiscalDateEnding": "2009-03-31", "reportedCurrency": "USD", "grossProfit": "139811000", "totalRevenue": "344366000", "costOfRevenue": "204555000", "costofGoodsAndServicesSold": "204555000", "operatingIncome": "47619000", "sellingGeneralAndAdministrative": "93038000", "researchAndDevelopment": "8291000", "operatingExpenses": "91364000", "investmentIncomeNet": "None", "netInterestIncome": "None", "interestIncome": "None", "interestExpense": "2454000", "nonInterestIncome": "None", "otherNonOperatingIncome": "None", "depreciation": "None", "depreciationAndAmortization": "14897000", "incomeBeforeTax": "44870000", "incomeTaxExpense": "17054000", "interestAndDebtExpense": "None", "netIncomeFromContinuingOperations": "0", "comprehensiveIncomeNetOfTax": "None", "ebit": "46496000", "ebitda": "61393000", "netIncome": "27816000"}, {"fiscalDateEnding": "2008-12-31", "reportedCurrency": "USD", "grossProfit": "124067000", "totalRevenue": "319467000", "costOfRevenue": "195400000", "costofGoodsAndServicesSold": "195400000", "operatingIncome": "45818000", "sellingGeneralAndAdministrative": "83310000", "researchAndDevelopment": "8122000", "operatingExpenses": "75394000", "investmentIncomeNet": "None", "netInterestIncome": "None", "interestIncome": "None", "interestExpense": "3214000", "nonInterestIncome": "None", "otherNonOperatingIncome": "None", "depreciation": "None", "depreciationAndAmortization": "14301000", "incomeBeforeTax": "42970000", "incomeTaxExpense": "14395000", "interestAndDebtExpense": "None", "netIncomeFromContinuingOperations": "0", "comprehensiveIncomeNetOfTax": "None", "ebit": "46184000", "ebitda": "60485000", "netIncome": "28575000"}, {"fiscalDateEnding": "2008-09-30", "reportedCurrency": "USD", "grossProfit": "132363000", "totalRevenue": "323127000", "costOfRevenue": "190764000", "costofGoodsAndServicesSold": "190764000", "operatingIncome": "46968000", "sellingGeneralAndAdministrative": "87429000", "researchAndDevelopment": "8068000", "operatingExpenses": "85358000", "investmentIncomeNet": "None", "netInterestIncome": "None", "interestIncome": "None", "interestExpense": "2052000", "nonInterestIncome": "None", "otherNonOperatingIncome": "None", "depreciation": "None", "depreciationAndAmortization": "14375000", "incomeBeforeTax": "44990000", "incomeTaxExpense": "16196000", "interestAndDebtExpense": "None", "netIncomeFromContinuingOperations": "0", "comprehensiveIncomeNetOfTax": "None", "ebit": "47508000", "ebitda": "61883000", "netIncome": "28794000"}, {"fiscalDateEnding": "2008-06-30", "reportedCurrency": "USD", "grossProfit": "130501000", "totalRevenue": "311565000", "costOfRevenue": "181064000", "costofGoodsAndServicesSold": "181064000", "operatingIncome": "35040000", "sellingGeneralAndAdministrative": "95627000", "researchAndDevelopment": "8279000", "operatingExpenses": "95627000", "investmentIncomeNet": "None", "netInterestIncome": "None", "interestIncome": "None", "interestExpense": "1766000", "nonInterestIncome": "None", "otherNonOperatingIncome": "None", "depreciation": "None", "depreciationAndAmortization": "15200000", "incomeBeforeTax": "33655000", "incomeTaxExpense": "8155000", "interestAndDebtExpense": "None", "netIncomeFromContinuingOperations": "0", "comprehensiveIncomeNetOfTax": "None", "ebit": "33655000", "ebitda": "48855000", "netIncome": "25500000"}, {"fiscalDateEnding": "2008-03-31", "reportedCurrency": "USD", "grossProfit": "151376000", "totalRevenue": "375170000", "costOfRevenue": "223794000", "costofGoodsAndServicesSold": "223794000", "operatingIncome": "42068000", "sellingGeneralAndAdministrative": "93705000", "researchAndDevelopment": "8953000", "operatingExpenses": "96888000", "investmentIncomeNet": "None", "netInterestIncome": "None", "interestIncome": "None", "interestExpense": "26014000", "nonInterestIncome": "None", "otherNonOperatingIncome": "None", "depreciation": "None", "depreciationAndAmortization": "15279000", "incomeBeforeTax": "40894000", "incomeTaxExpense": "14785000", "interestAndDebtExpense": "None", "netIncomeFromContinuingOperations": "0", "comprehensiveIncomeNetOfTax": "None", "ebit": "54488000", "ebitda": "69767000", "netIncome": "26109000"}, {"fiscalDateEnding": "2007-12-31", "reportedCurrency": "USD", "grossProfit": "130199000", "totalRevenue": "313974000", "costOfRevenue": "183775000", "costofGoodsAndServicesSold": "183775000", "operatingIncome": "33462000", "sellingGeneralAndAdministrative": "92188000", "researchAndDevelopment": "10173000", "operatingExpenses": "95785000", "investmentIncomeNet": "None", "netInterestIncome": "None", "interestIncome": "None", "interestExpense": "1516000", "nonInterestIncome": "None", "otherNonOperatingIncome": "None", "depreciation": "None", "depreciationAndAmortization": "16015000", "incomeBeforeTax": "32527000", "incomeTaxExpense": "10751000", "interestAndDebtExpense": "None", "netIncomeFromContinuingOperations": "0", "comprehensiveIncomeNetOfTax": "None", "ebit": "34414000", "ebitda": "50429000", "netIncome": "21776000"}, {"fiscalDateEnding": "2007-09-30", "reportedCurrency": "USD", "grossProfit": "123670000", "totalRevenue": "295002000", "costOfRevenue": "171332000", "costofGoodsAndServicesSold": "171332000", "operatingIncome": "26448000", "sellingGeneralAndAdministrative": "93062000", "researchAndDevelopment": "8531000", "operatingExpenses": "96524000", "investmentIncomeNet": "None", "netInterestIncome": "None", "interestIncome": "None", "interestExpense": "2260000", "nonInterestIncome": "None", "otherNonOperatingIncome": "None", "depreciation": "None", "depreciationAndAmortization": "15902000", "incomeBeforeTax": "25584000", "incomeTaxExpense": "9566000", "interestAndDebtExpense": "None", "netIncomeFromContinuingOperations": "0", "comprehensiveIncomeNetOfTax": "None", "ebit": "27146000", "ebitda": "43048000", "netIncome": "16018000"}, {"fiscalDateEnding": "2007-06-30", "reportedCurrency": "USD", "grossProfit": "118712000", "totalRevenue": "280944000", "costOfRevenue": "162232000", "costofGoodsAndServicesSold": "162232000", "operatingIncome": "21567000", "sellingGeneralAndAdministrative": "92642000", "researchAndDevelopment": "9259000", "operatingExpenses": "95754000", "investmentIncomeNet": "None", "netInterestIncome": "None", "interestIncome": "None", "interestExpense": "1235000", "nonInterestIncome": "None", "otherNonOperatingIncome": "None", "depreciation": "None", "depreciationAndAmortization": "15582000", "incomeBeforeTax": "20794000", "incomeTaxExpense": "7591000", "interestAndDebtExpense": "None", "netIncomeFromContinuingOperations": "0", "comprehensiveIncomeNetOfTax": "None", "ebit": "20794000", "ebitda": "36376000", "netIncome": "13203000"}, {"fiscalDateEnding": "2007-03-31", "reportedCurrency": "USD", "grossProfit": "144970000", "totalRevenue": "349837000", "costOfRevenue": "204867000", "costofGoodsAndServicesSold": "204867000", "operatingIncome": "51851000", "sellingGeneralAndAdministrative": "91972000", "researchAndDevelopment": "8870000", "operatingExpenses": "91977000", "investmentIncomeNet": "None", "netInterestIncome": "None", "interestIncome": "None", "interestExpense": "3267000", "nonInterestIncome": "None", "otherNonOperatingIncome": "None", "depreciation": "None", "depreciationAndAmortization": "15984000", "incomeBeforeTax": "50868000", "incomeTaxExpense": "21060000", "interestAndDebtExpense": "None", "netIncomeFromContinuingOperations": "0", "comprehensiveIncomeNetOfTax": "None", "ebit": "52993000", "ebitda": "68977000", "netIncome": "29808000"}, {"fiscalDateEnding": "2006-12-31", "reportedCurrency": "USD", "grossProfit": "127701000", "totalRevenue": "298967000", "costOfRevenue": "171266000", "costofGoodsAndServicesSold": "171266000", "operatingIncome": "33850000", "sellingGeneralAndAdministrative": "90677000", "researchAndDevelopment": "8078000", "operatingExpenses": "90672000", "investmentIncomeNet": "None", "netInterestIncome": "None", "interestIncome": "None", "interestExpense": "1714000", "nonInterestIncome": "None", "otherNonOperatingIncome": "None", "depreciation": "None", "depreciationAndAmortization": "14596000", "incomeBeforeTax": "32727000", "incomeTaxExpense": "11859000", "interestAndDebtExpense": "None", "netIncomeFromContinuingOperations": "0", "comprehensiveIncomeNetOfTax": "None", "ebit": "37029000", "ebitda": "51625000", "netIncome": "21299000"}, {"fiscalDateEnding": "2006-09-30", "reportedCurrency": "USD", "grossProfit": "118761000", "totalRevenue": "283536000", "costOfRevenue": "164775000", "costofGoodsAndServicesSold": "164775000", "operatingIncome": "92227000", "sellingGeneralAndAdministrative": "91064000", "researchAndDevelopment": "8283000", "operatingExpenses": "25376000", "investmentIncomeNet": "None", "netInterestIncome": "None", "interestIncome": "None", "interestExpense": "69584000", "nonInterestIncome": "None", "otherNonOperatingIncome": "None", "depreciation": "None", "depreciationAndAmortization": "14793000", "incomeBeforeTax": "24959000", "incomeTaxExpense": "8599000", "interestAndDebtExpense": "None", "netIncomeFromContinuingOperations": "0", "comprehensiveIncomeNetOfTax": "None", "ebit": "93385000", "ebitda": "108178000", "netIncome": "16360000"}, {"fiscalDateEnding": "2006-06-30", "reportedCurrency": "USD", "grossProfit": "113375000", "totalRevenue": "265067000", "costOfRevenue": "151692000", "costofGoodsAndServicesSold": "151692000", "operatingIncome": "25461000", "sellingGeneralAndAdministrative": "86809000", "researchAndDevelopment": "8395000", "operatingExpenses": "86809000", "investmentIncomeNet": "None", "netInterestIncome": "None", "interestIncome": "None", "interestExpense": "1769000", "nonInterestIncome": "None", "otherNonOperatingIncome": "None", "depreciation": "None", "depreciationAndAmortization": "14884000", "incomeBeforeTax": "24371000", "incomeTaxExpense": "10314000", "interestAndDebtExpense": "None", "netIncomeFromContinuingOperations": "0", "comprehensiveIncomeNetOfTax": "None", "ebit": "24998000", "ebitda": "39882000", "netIncome": "14684000"}, {"fiscalDateEnding": "2006-03-31", "reportedCurrency": "USD", "grossProfit": "133330000", "totalRevenue": "331274000", "costOfRevenue": "197944000", "costofGoodsAndServicesSold": "197944000", "operatingIncome": "18603000", "sellingGeneralAndAdministrative": "89419000", "researchAndDevelopment": "8033000", "operatingExpenses": "89419000", "investmentIncomeNet": "None", "netInterestIncome": "None", "interestIncome": "None", "interestExpense": "25144000", "nonInterestIncome": "None", "otherNonOperatingIncome": "None", "depreciation": "None", "depreciationAndAmortization": "15809000", "incomeBeforeTax": "17758000", "incomeTaxExpense": "10313000", "interestAndDebtExpense": "None", "netIncomeFromContinuingOperations": "0", "comprehensiveIncomeNetOfTax": "None", "ebit": "43911000", "ebitda": "59720000", "netIncome": "8454000"}, {"fiscalDateEnding": "2005-12-31", "reportedCurrency": "USD", "grossProfit": "122096000", "totalRevenue": "287492000", "costOfRevenue": "165396000", "costofGoodsAndServicesSold": "165396000", "operatingIncome": "39054000", "sellingGeneralAndAdministrative": "83042000", "researchAndDevelopment": "8726000", "operatingExpenses": "83042000", "investmentIncomeNet": "None", "netInterestIncome": "None", "interestIncome": "None", "interestExpense": "1100000", "nonInterestIncome": "None", "otherNonOperatingIncome": "None", "depreciation": "None", "depreciationAndAmortization": "13678000", "incomeBeforeTax": "38551000", "incomeTaxExpense": "15386000", "interestAndDebtExpense": "None", "netIncomeFromContinuingOperations": "0", "comprehensiveIncomeNetOfTax": "None", "ebit": "39054000", "ebitda": "52732000", "netIncome": "28089000"}, {"fiscalDateEnding": "2005-09-30", "reportedCurrency": "USD", "grossProfit": "116233000", "totalRevenue": "284370000", "costOfRevenue": "168137000", "costofGoodsAndServicesSold": "168137000", "operatingIncome": "27046000", "sellingGeneralAndAdministrative": "87745000", "researchAndDevelopment": "10022000", "operatingExpenses": "89187000", "investmentIncomeNet": "None", "netInterestIncome": "None", "interestIncome": "None", "interestExpense": "1874000", "nonInterestIncome": "None", "otherNonOperatingIncome": "None", "depreciation": "None", "depreciationAndAmortization": "14539000", "incomeBeforeTax": "26109000", "incomeTaxExpense": "9694000", "interestAndDebtExpense": "None", "netIncomeFromContinuingOperations": "0", "comprehensiveIncomeNetOfTax": "None", "ebit": "87744000", "ebitda": "102283000", "netIncome": "16415000"}, {"fiscalDateEnding": "2005-06-30", "reportedCurrency": "USD", "grossProfit": "117771000", "totalRevenue": "276698000", "costOfRevenue": "158927000", "costofGoodsAndServicesSold": "158927000", "operatingIncome": "27249000", "sellingGeneralAndAdministrative": "88973000", "researchAndDevelopment": "8729000", "operatingExpenses": "90522000", "investmentIncomeNet": "None", "netInterestIncome": "None", "interestIncome": "None", "interestExpense": "1221000", "nonInterestIncome": "None", "otherNonOperatingIncome": "None", "depreciation": "None", "depreciationAndAmortization": "13893000", "incomeBeforeTax": "27955000", "incomeTaxExpense": "10623000", "interestAndDebtExpense": "None", "netIncomeFromContinuingOperations": "0", "comprehensiveIncomeNetOfTax": "None", "ebit": "27955000", "ebitda": "41848000", "netIncome": "17332000"}, {"fiscalDateEnding": "2005-03-31", "reportedCurrency": "USD", "grossProfit": "130709000", "totalRevenue": "315713000", "costOfRevenue": "185004000", "costofGoodsAndServicesSold": "185004000", "operatingIncome": "46199000", "sellingGeneralAndAdministrative": "83130000", "researchAndDevelopment": "8374000", "operatingExpenses": "84510000", "investmentIncomeNet": "None", "netInterestIncome": "None", "interestIncome": "None", "interestExpense": "1032000", "nonInterestIncome": "None", "otherNonOperatingIncome": "None", "depreciation": "None", "depreciationAndAmortization": "13699000", "incomeBeforeTax": "45167000", "incomeTaxExpense": "20154000", "interestAndDebtExpense": "None", "netIncomeFromContinuingOperations": "0", "comprehensiveIncomeNetOfTax": "None", "ebit": "46199000", "ebitda": "59898000", "netIncome": "25013000"}, {"fiscalDateEnding": "2004-12-31", "reportedCurrency": "USD", "grossProfit": "119562000", "totalRevenue": "284389000", "costOfRevenue": "164827000", "costofGoodsAndServicesSold": "164827000", "operatingIncome": "39912000", "sellingGeneralAndAdministrative": "77883000", "researchAndDevelopment": "9185000", "operatingExpenses": "79650000", "investmentIncomeNet": "None", "netInterestIncome": "None", "interestIncome": "None", "interestExpense": "1117000", "nonInterestIncome": "None", "otherNonOperatingIncome": "None", "depreciation": "None", "depreciationAndAmortization": "13171000", "incomeBeforeTax": "39278000", "incomeTaxExpense": "14821000", "interestAndDebtExpense": "None", "netIncomeFromContinuingOperations": "0", "comprehensiveIncomeNetOfTax": "None", "ebit": "39912000", "ebitda": "53083000", "netIncome": "24457000"}]}