{"symbol": "VLTO", "annualReports": [{"fiscalDateEnding": "2024-12-31", "reportedCurrency": "USD", "grossProfit": "3105000000", "totalRevenue": "5193000000", "costOfRevenue": "2088000000", "costofGoodsAndServicesSold": "2088000000", "operatingIncome": "1208000000", "sellingGeneralAndAdministrative": "1644000000", "researchAndDevelopment": "253000000", "operatingExpenses": "1897000000", "investmentIncomeNet": "None", "netInterestIncome": "-113000000", "interestIncome": "None", "interestExpense": "113000000", "nonInterestIncome": "None", "otherNonOperatingIncome": "None", "depreciation": "None", "depreciationAndAmortization": "None", "incomeBeforeTax": "1086000000", "incomeTaxExpense": "253000000", "interestAndDebtExpense": "None", "netIncomeFromContinuingOperations": "833000000", "comprehensiveIncomeNetOfTax": "None", "ebit": "None", "ebitda": "1208000000", "netIncome": "833000000"}, {"fiscalDateEnding": "2023-12-31", "reportedCurrency": "USD", "grossProfit": "2901000000", "totalRevenue": "5021000000", "costOfRevenue": "2120000000", "costofGoodsAndServicesSold": "2120000000", "operatingIncome": "1140000000", "sellingGeneralAndAdministrative": "1540000000", "researchAndDevelopment": "225000000", "operatingExpenses": "1761000000", "investmentIncomeNet": "None", "netInterestIncome": "-151000000", "interestIncome": "None", "interestExpense": "30000000", "nonInterestIncome": "None", "otherNonOperatingIncome": "None", "depreciation": "None", "depreciationAndAmortization": "87000000", "incomeBeforeTax": "1096000000", "incomeTaxExpense": "257000000", "interestAndDebtExpense": "None", "netIncomeFromContinuingOperations": "719000000", "comprehensiveIncomeNetOfTax": "None", "ebit": "1126000000", "ebitda": "1213000000", "netIncome": "839000000"}, {"fiscalDateEnding": "2022-12-31", "reportedCurrency": "USD", "grossProfit": "2769000000", "totalRevenue": "4879000000", "costOfRevenue": "2110000000", "costofGoodsAndServicesSold": "2110000000", "operatingIncome": "1078000000", "sellingGeneralAndAdministrative": "1474000000", "researchAndDevelopment": "217000000", "operatingExpenses": "1691000000", "investmentIncomeNet": "None", "netInterestIncome": "-146000000", "interestIncome": "None", "interestExpense": "146000000", "nonInterestIncome": "None", "otherNonOperatingIncome": "None", "depreciation": "None", "depreciationAndAmortization": "90000000", "incomeBeforeTax": "933000000", "incomeTaxExpense": "224000000", "interestAndDebtExpense": "None", "netIncomeFromContinuingOperations": "709000000", "comprehensiveIncomeNetOfTax": "None", "ebit": "1122000000", "ebitda": "1212000000", "netIncome": "845000000"}, {"fiscalDateEnding": "2021-12-31", "reportedCurrency": "USD", "grossProfit": "2713000000", "totalRevenue": "4700000000", "costOfRevenue": "1987000000", "costofGoodsAndServicesSold": "1987000000", "operatingIncome": "1041000000", "sellingGeneralAndAdministrative": "1428000000", "researchAndDevelopment": "244000000", "operatingExpenses": "1672000000", "investmentIncomeNet": "None", "netInterestIncome": "0", "interestIncome": "None", "interestExpense": "0", "nonInterestIncome": "None", "otherNonOperatingIncome": "None", "depreciation": "None", "depreciationAndAmortization": "106000000", "incomeBeforeTax": "1047000000", "incomeTaxExpense": "186000000", "interestAndDebtExpense": "None", "netIncomeFromContinuingOperations": "861000000", "comprehensiveIncomeNetOfTax": "None", "ebit": "1039000000", "ebitda": "1145000000", "netIncome": "861000000"}, {"fiscalDateEnding": "2020-12-31", "reportedCurrency": "USD", "grossProfit": "2510000000", "totalRevenue": "4348000000", "costOfRevenue": "1838000000", "costofGoodsAndServicesSold": "1838000000", "operatingIncome": "951000000", "sellingGeneralAndAdministrative": "1340000000", "researchAndDevelopment": "219000000", "operatingExpenses": "1559000000", "investmentIncomeNet": "None", "netInterestIncome": "None", "interestIncome": "None", "interestExpense": "None", "nonInterestIncome": "None", "otherNonOperatingIncome": "None", "depreciation": "None", "depreciationAndAmortization": "110000000", "incomeBeforeTax": "950000000", "incomeTaxExpense": "226000000", "interestAndDebtExpense": "None", "netIncomeFromContinuingOperations": "724000000", "comprehensiveIncomeNetOfTax": "None", "ebit": "951000000", "ebitda": "1061000000", "netIncome": "724000000"}], "quarterlyReports": [{"fiscalDateEnding": "2024-12-31", "reportedCurrency": "USD", "grossProfit": "801000000", "totalRevenue": "1345000000", "costOfRevenue": "544000000", "costofGoodsAndServicesSold": "544000000", "operatingIncome": "308000000", "sellingGeneralAndAdministrative": "424000000", "researchAndDevelopment": "69000000", "operatingExpenses": "493000000", "investmentIncomeNet": "None", "netInterestIncome": "-28000000", "interestIncome": "None", "interestExpense": "28000000", "nonInterestIncome": "None", "otherNonOperatingIncome": "None", "depreciation": "None", "depreciationAndAmortization": "None", "incomeBeforeTax": "280000000", "incomeTaxExpense": "53000000", "interestAndDebtExpense": "None", "netIncomeFromContinuingOperations": "227000000", "comprehensiveIncomeNetOfTax": "None", "ebit": "None", "ebitda": "308000000", "netIncome": "227000000"}, {"fiscalDateEnding": "2024-09-30", "reportedCurrency": "USD", "grossProfit": "783000000", "totalRevenue": "1314000000", "costOfRevenue": "531000000", "costofGoodsAndServicesSold": "531000000", "operatingIncome": "308000000", "sellingGeneralAndAdministrative": "412000000", "researchAndDevelopment": "63000000", "operatingExpenses": "475000000", "investmentIncomeNet": "None", "netInterestIncome": "-27000000", "interestIncome": "None", "interestExpense": "27000000", "nonInterestIncome": "None", "otherNonOperatingIncome": "None", "depreciation": "None", "depreciationAndAmortization": "17000000", "incomeBeforeTax": "286000000", "incomeTaxExpense": "67000000", "interestAndDebtExpense": "None", "netIncomeFromContinuingOperations": "219000000", "comprehensiveIncomeNetOfTax": "None", "ebit": "313000000", "ebitda": "330000000", "netIncome": "219000000"}, {"fiscalDateEnding": "2024-06-30", "reportedCurrency": "USD", "grossProfit": "764000000", "totalRevenue": "1288000000", "costOfRevenue": "524000000", "costofGoodsAndServicesSold": "524000000", "operatingIncome": "299000000", "sellingGeneralAndAdministrative": "414000000", "researchAndDevelopment": "61000000", "operatingExpenses": "465000000", "investmentIncomeNet": "None", "netInterestIncome": "-30000000", "interestIncome": "None", "interestExpense": "30000000", "nonInterestIncome": "None", "otherNonOperatingIncome": "None", "depreciation": "None", "depreciationAndAmortization": "20000000", "incomeBeforeTax": "270000000", "incomeTaxExpense": "67000000", "interestAndDebtExpense": "None", "netIncomeFromContinuingOperations": "203000000", "comprehensiveIncomeNetOfTax": "None", "ebit": "298000000", "ebitda": "318000000", "netIncome": "203000000"}, {"fiscalDateEnding": "2024-03-31", "reportedCurrency": "USD", "grossProfit": "758000000", "totalRevenue": "1246000000", "costOfRevenue": "488000000", "costofGoodsAndServicesSold": "488000000", "operatingIncome": "293000000", "sellingGeneralAndAdministrative": "394000000", "researchAndDevelopment": "60000000", "operatingExpenses": "465000000", "investmentIncomeNet": "None", "netInterestIncome": "-28000000", "interestIncome": "None", "interestExpense": "28000000", "nonInterestIncome": "None", "otherNonOperatingIncome": "None", "depreciation": "None", "depreciationAndAmortization": "21000000", "incomeBeforeTax": "250000000", "incomeTaxExpense": "66000000", "interestAndDebtExpense": "None", "netIncomeFromContinuingOperations": "184000000", "comprehensiveIncomeNetOfTax": "None", "ebit": "278000000", "ebitda": "299000000", "netIncome": "184000000"}, {"fiscalDateEnding": "2023-12-31", "reportedCurrency": "USD", "grossProfit": "746000000", "totalRevenue": "1288000000", "costOfRevenue": "542000000", "costofGoodsAndServicesSold": "542000000", "operatingIncome": "286000000", "sellingGeneralAndAdministrative": "403000000", "researchAndDevelopment": "57000000", "operatingExpenses": "460000000", "investmentIncomeNet": "None", "netInterestIncome": "-25000000", "interestIncome": "None", "interestExpense": "25000000", "nonInterestIncome": "None", "otherNonOperatingIncome": "None", "depreciation": "None", "depreciationAndAmortization": "22000000", "incomeBeforeTax": "261000000", "incomeTaxExpense": "61000000", "interestAndDebtExpense": "None", "netIncomeFromContinuingOperations": "200000000", "comprehensiveIncomeNetOfTax": "None", "ebit": "286000000", "ebitda": "308000000", "netIncome": "200000000"}, {"fiscalDateEnding": "2023-09-30", "reportedCurrency": "USD", "grossProfit": "723000000", "totalRevenue": "1255000000", "costOfRevenue": "532000000", "costofGoodsAndServicesSold": "532000000", "operatingIncome": "273000000", "sellingGeneralAndAdministrative": "395000000", "researchAndDevelopment": "55000000", "operatingExpenses": "450000000", "investmentIncomeNet": "None", "netInterestIncome": "-5000000", "interestIncome": "None", "interestExpense": "5000000", "nonInterestIncome": "None", "otherNonOperatingIncome": "None", "depreciation": "None", "depreciationAndAmortization": "21000000", "incomeBeforeTax": "268000000", "incomeTaxExpense": "63000000", "interestAndDebtExpense": "None", "netIncomeFromContinuingOperations": "205000000", "comprehensiveIncomeNetOfTax": "None", "ebit": "273000000", "ebitda": "294000000", "netIncome": "205000000"}, {"fiscalDateEnding": "2023-06-30", "reportedCurrency": "USD", "grossProfit": "712000000", "totalRevenue": "1253000000", "costOfRevenue": "541000000", "costofGoodsAndServicesSold": "541000000", "operatingIncome": "289000000", "sellingGeneralAndAdministrative": "396000000", "researchAndDevelopment": "57000000", "operatingExpenses": "423000000", "investmentIncomeNet": "None", "netInterestIncome": "-73000000", "interestIncome": "None", "interestExpense": "73000000", "nonInterestIncome": "None", "otherNonOperatingIncome": "None", "depreciation": "None", "depreciationAndAmortization": "22000000", "incomeBeforeTax": "275000000", "incomeTaxExpense": "66000000", "interestAndDebtExpense": "None", "netIncomeFromContinuingOperations": "143000000", "comprehensiveIncomeNetOfTax": "None", "ebit": "295000000", "ebitda": "317000000", "netIncome": "209000000"}, {"fiscalDateEnding": "2023-03-31", "reportedCurrency": "USD", "grossProfit": "696000000", "totalRevenue": "1225000000", "costOfRevenue": "529000000", "costofGoodsAndServicesSold": "529000000", "operatingIncome": "292000000", "sellingGeneralAndAdministrative": "360000000", "researchAndDevelopment": "56000000", "operatingExpenses": "404000000", "investmentIncomeNet": "None", "netInterestIncome": "0", "interestIncome": "None", "interestExpense": "0", "nonInterestIncome": "None", "otherNonOperatingIncome": "None", "depreciation": "None", "depreciationAndAmortization": "22000000", "incomeBeforeTax": "292000000", "incomeTaxExpense": "67000000", "interestAndDebtExpense": "None", "netIncomeFromContinuingOperations": "225000000", "comprehensiveIncomeNetOfTax": "None", "ebit": "292000000", "ebitda": "314000000", "netIncome": "225000000"}, {"fiscalDateEnding": "2022-12-31", "reportedCurrency": "USD", "grossProfit": "720000000", "totalRevenue": "1257000000", "costOfRevenue": "537000000", "costofGoodsAndServicesSold": "537000000", "operatingIncome": "260000000", "sellingGeneralAndAdministrative": "407000000", "researchAndDevelopment": "53000000", "operatingExpenses": "460000000", "investmentIncomeNet": "None", "netInterestIncome": "-146000000", "interestIncome": "None", "interestExpense": "146000000", "nonInterestIncome": "None", "otherNonOperatingIncome": "None", "depreciation": "None", "depreciationAndAmortization": "21000000", "incomeBeforeTax": "115000000", "incomeTaxExpense": "35000000", "interestAndDebtExpense": "None", "netIncomeFromContinuingOperations": "80000000", "comprehensiveIncomeNetOfTax": "None", "ebit": "261000000", "ebitda": "282000000", "netIncome": "80000000"}, {"fiscalDateEnding": "2022-09-30", "reportedCurrency": "USD", "grossProfit": "694000000", "totalRevenue": "1219000000", "costOfRevenue": "525000000", "costofGoodsAndServicesSold": "525000000", "operatingIncome": "285000000", "sellingGeneralAndAdministrative": "357000000", "researchAndDevelopment": "52000000", "operatingExpenses": "409000000", "investmentIncomeNet": "None", "netInterestIncome": "0", "interestIncome": "None", "interestExpense": "0", "nonInterestIncome": "None", "otherNonOperatingIncome": "None", "depreciation": "None", "depreciationAndAmortization": "21000000", "incomeBeforeTax": "285000000", "incomeTaxExpense": "67000000", "interestAndDebtExpense": "None", "netIncomeFromContinuingOperations": "218000000", "comprehensiveIncomeNetOfTax": "None", "ebit": "285000000", "ebitda": "306000000", "netIncome": "218000000"}, {"fiscalDateEnding": "2022-06-30", "reportedCurrency": "USD", "grossProfit": "694000000", "totalRevenue": "1231000000", "costOfRevenue": "537000000", "costofGoodsAndServicesSold": "537000000", "operatingIncome": "302000000", "sellingGeneralAndAdministrative": "None", "researchAndDevelopment": "55000000", "operatingExpenses": "392000000", "investmentIncomeNet": "None", "netInterestIncome": "None", "interestIncome": "None", "interestExpense": "None", "nonInterestIncome": "None", "otherNonOperatingIncome": "None", "depreciation": "None", "depreciationAndAmortization": "23000000", "incomeBeforeTax": "302000000", "incomeTaxExpense": "71000000", "interestAndDebtExpense": "None", "netIncomeFromContinuingOperations": "None", "comprehensiveIncomeNetOfTax": "None", "ebit": "302000000", "ebitda": "325000000", "netIncome": "231000000"}, {"fiscalDateEnding": "2022-03-31", "reportedCurrency": "USD", "grossProfit": "634000000", "totalRevenue": "1172000000", "costOfRevenue": "538000000", "costofGoodsAndServicesSold": "538000000", "operatingIncome": "231000000", "sellingGeneralAndAdministrative": "None", "researchAndDevelopment": "57000000", "operatingExpenses": "403000000", "investmentIncomeNet": "None", "netInterestIncome": "None", "interestIncome": "None", "interestExpense": "None", "nonInterestIncome": "None", "otherNonOperatingIncome": "None", "depreciation": "None", "depreciationAndAmortization": "25000000", "incomeBeforeTax": "231000000", "incomeTaxExpense": "51000000", "interestAndDebtExpense": "None", "netIncomeFromContinuingOperations": "None", "comprehensiveIncomeNetOfTax": "None", "ebit": "231000000", "ebitda": "256000000", "netIncome": "180000000"}]}